[
    {
        "date": "2024-09-29",
        "symbol": "FSLR",
        "period": "Q3",
        "revenues": 887668000,
        "costofgoodsandservicessold": -961413000,
        "grossprofit": 445311000,
        "sellinggeneralandadministrativeexpense": 46293000,
        "researchanddevelopmentexpense": 50197000,
        "productionstartupexpense": 26822000,
        "operatingexpenses": 123312000,
        "operatingincomeloss": 321999000,
        "foreigncurrencytransactiongainlossbeforetax": -5158000,
        "investmentincomenet": 22580000,
        "othernonoperatingincomeexpense": 3375000,
        "incomelossfromcontinuingoperationsbeforeincometaxesextraordinaryitemsnoncontrollinginterest": 327342000,
        "incometaxexpensebenefit": 14386000,
        "netincomeloss": 312956000,
        "earningspersharebasic": 2.92,
        "earningspersharediluted": 2.9099999999999993,
        "weightedaveragenumberofsharesoutstandingbasic": 107015000,
        "weightedaveragenumberofdilutedsharesoutstanding": 107514000,
        "othercomprehensiveincomelossforeigncurrencytransactionandtranslationadjustmentnetoftax": 9775000,
        "othercomprehensiveincomelossavailableforsalesecuritiesadjustmentnetoftax": 9683000,
        "othercomprehensiveincomelosscashflowhedgegainlossafterreclassificationandtaxparent": -1000,
        "othercomprehensiveincomelossnetoftaxportionattributabletoparent": 19457000,
        "comprehensiveincomenetoftax": 332413000,
        "othercomprehensiveincomeunrealizedholdinggainlossonsecuritiesarisingduringperiodtax": 464000,
        "othercomprehensiveincomelosscashflowhedgegainlossafterreclassificationtaxparent": 0
    },
    {
        "date": "2024-06-29",
        "symbol": "FSLR",
        "period": "Q2",
        "revenues": 1010482000,
        "costofgoodsandservicessold": 511593000,
        "grossprofit": 498889000,
        "sellinggeneralandadministrativeexpense": 46560000,
        "researchanddevelopmentexpense": 51937000,
        "productionstartupexpense": 27451000,
        "operatingexpenses": 126378000,
        "gainlossonsaleofbusiness": 0,
        "operatingincomeloss": 372511000,
        "foreigncurrencytransactiongainlossbeforetax": -9649000,
        "investmentincomenet": 24599000,
        "othernonoperatingincomeexpense": -565000,
        "incomelossfromcontinuingoperationsbeforeincometaxesextraordinaryitemsnoncontrollinginterest": 377131000,
        "incometaxexpensebenefit": 27775000,
        "netincomeloss": 349356000,
        "earningspersharebasic": 3.2700000000000005,
        "earningspersharediluted": 3.25,
        "weightedaveragenumberofsharesoutstandingbasic": 107011000,
        "weightedaveragenumberofdilutedsharesoutstanding": 107502000,
        "othercomprehensiveincomelossforeigncurrencytransactionandtranslationadjustmentnetoftax": -2944000,
        "othercomprehensiveincomelossavailableforsalesecuritiesadjustmentnetoftax": -1197000,
        "othercomprehensiveincomelosscashflowhedgegainlossafterreclassificationandtaxparent": -571000,
        "othercomprehensiveincomelossnetoftaxportionattributabletoparent": -4712000,
        "comprehensiveincomenetoftax": 344644000,
        "othercomprehensiveincomeunrealizedholdinggainlossonsecuritiesarisingduringperiodtax": -41000,
        "othercomprehensiveincomelosscashflowhedgegainlossafterreclassificationtaxparent": -177000
    },
    {
        "date": "2024-03-30",
        "symbol": "FSLR",
        "period": "Q1",
        "revenues": 794108000,
        "costofgoodsandservicessold": 448105000,
        "grossprofit": 346003000,
        "sellinggeneralandadministrativeexpense": 45827000,
        "researchanddevelopmentexpense": 42742000,
        "productionstartupexpense": 15408000,
        "operatingexpenses": 103977000,
        "gainlossonsaleofbusiness": 1115000,
        "operatingincomeloss": 243141000,
        "foreigncurrencytransactiongainlossbeforetax": -2858000,
        "investmentincomenet": 27245000,
        "interestexpense": 9210000,
        "othernonoperatingincomeexpense": -2799000,
        "incomelossfromcontinuingoperationsbeforeincometaxesextraordinaryitemsnoncontrollinginterest": 255519000,
        "incometaxexpensebenefit": 18903000,
        "netincomeloss": 236616000,
        "earningspersharebasic": 2.21,
        "earningspersharediluted": 2.2,
        "weightedaveragenumberofsharesoutstandingbasic": 106910000,
        "weightedaveragenumberofdilutedsharesoutstanding": 107407000,
        "othercomprehensiveincomelossforeigncurrencytransactionandtranslationadjustmentnetoftax": -8533000,
        "othercomprehensiveincomelossavailableforsalesecuritiesadjustmentnetoftax": -2003000,
        "othercomprehensiveincomelosscashflowhedgegainlossafterreclassificationandtaxparent": 1062000,
        "othercomprehensiveincomelossnetoftaxportionattributabletoparent": -9474000,
        "comprehensiveincomenetoftax": 227142000,
        "othercomprehensiveincomeunrealizedholdinggainlossonsecuritiesarisingduringperiodtax": -102000,
        "othercomprehensiveincomelosscashflowhedgegainlossafterreclassificationtaxparent": 308000
    },
    {
        "date": "2023-12-30",
        "symbol": "FSLR",
        "period": "Q4",
        "revenues": 1158553000,
        "costofgoodsandservicessold": 656520000,
        "grossprofit": 502033000,
        "sellinggeneralandadministrativeexpense": 57094000,
        "researchanddevelopmentexpense": 43862000,
        "productionstartupexpense": 9847000,
        "operatingexpenses": 110803000,
        "gainlossonsaleofbusiness": 6554000,
        "operatingincomeloss": 397784000,
        "foreigncurrencytransactiongainlossbeforetax": -9947000,
        "interestexpense": 7068000,
        "othernonoperatingincomeexpense": -27653000,
        "incomelossfromcontinuingoperationsbeforeincometaxesextraordinaryitemsnoncontrollinginterest": 376681000,
        "incometaxexpensebenefit": 27442000,
        "netincomeloss": 349239000,
        "earningspersharebasic": 3.2700000000000005,
        "earningspersharediluted": 3.2500000000000004,
        "weightedaveragenumberofsharesoutstandingbasic": 106795000,
        "weightedaveragenumberofdilutedsharesoutstanding": 107372000,
        "othercomprehensiveincomelossforeigncurrencytransactionandtranslationadjustmentnetoftax": 10742000,
        "othercomprehensiveincomelossavailableforsalesecuritiesadjustmentnetoftax": 13215000,
        "othercomprehensiveincomelosscashflowhedgegainlossafterreclassificationandtaxparent": 882000,
        "othercomprehensiveincomelossnetoftaxportionattributabletoparent": 24839000,
        "comprehensiveincomenetoftax": 374078000,
        "othercomprehensiveincomeunrealizedholdinggainlossonsecuritiesarisingduringperiodtax": 601000,
        "othercomprehensiveincomelosscashflowhedgegainlossafterreclassificationtaxparent": 253000
    },
    {
        "date": "2023-09-29",
        "symbol": "FSLR",
        "period": "Q3",
        "revenues": 801090000,
        "costofgoodsandservicessold": 424915000,
        "grossprofit": 376175000,
        "sellinggeneralandadministrativeexpense": 50172000,
        "researchanddevelopmentexpense": 41190000,
        "productionstartupexpense": 12059000,
        "operatingexpenses": 103421000,
        "gainlossonsaleofbusiness": 211000,
        "operatingincomeloss": 272965000,
        "foreigncurrencytransactiongainlossbeforetax": -987000,
        "interestexpense": 3734000,
        "othernonoperatingincomeexpense": -1033000,
        "incomelossfromcontinuingoperationsbeforeincometaxesextraordinaryitemsnoncontrollinginterest": 290465000,
        "incometaxexpensebenefit": 22067000,
        "netincomeloss": 268398000,
        "earningspersharebasic": 2.51,
        "earningspersharediluted": 2.5000000000000004,
        "weightedaveragenumberofsharesoutstandingbasic": -106707000,
        "weightedaveragenumberofdilutedsharesoutstanding": -107106000,
        "othercomprehensiveincomelossforeigncurrencytransactionandtranslationadjustmentnetoftax": -4942000,
        "othercomprehensiveincomelossavailableforsalesecuritiesadjustmentnetoftax": -8696000,
        "othercomprehensiveincomelosscashflowhedgegainlossafterreclassificationandtaxparent": 719000,
        "othercomprehensiveincomelossnetoftaxportionattributabletoparent": -12919000,
        "comprehensiveincomenetoftax": 255479000,
        "othercomprehensiveincomeunrealizedholdinggainlossonsecuritiesarisingduringperiodtax": -340000,
        "othercomprehensiveincomelosscashflowhedgegainlossafterreclassificationtaxparent": 214000
    },
    {
        "date": "2023-06-29",
        "symbol": "FSLR",
        "period": "Q2",
        "revenues": 810673000,
        "costofgoodsandservicessold": 500253000,
        "grossprofit": 310420000,
        "sellinggeneralandadministrativeexpense": 46328000,
        "researchanddevelopmentexpense": 36745000,
        "productionstartupexpense": 23377000,
        "losscontingencylossinperiod": 35590000,
        "operatingexpenses": 142040000,
        "gainlossonsaleofbusiness": 135000,
        "operatingincomeloss": 168515000,
        "foreigncurrencytransactiongainlossbeforetax": -4652000,
        "investmentincomenet": 25026000,
        "interestexpense": 1415000,
        "othernonoperatingincomeexpense": 997000,
        "incomelossfromcontinuingoperationsbeforeincometaxesextraordinaryitemsnoncontrollinginterest": 188471000,
        "incometaxexpensebenefit": 17892000,
        "netincomeloss": 170579000,
        "earningspersharebasic": 1.6,
        "earningspersharediluted": 1.59,
        "weightedaveragenumberofsharesoutstandingbasic": 106827000,
        "weightedaveragenumberofdilutedsharesoutstanding": 107278000,
        "othercomprehensiveincomelossforeigncurrencytransactionandtranslationadjustmentnetoftax": -5348000,
        "othercomprehensiveincomelossavailableforsalesecuritiesadjustmentnetoftax": -1315000,
        "othercomprehensiveincomelosscashflowhedgegainlossafterreclassificationandtaxparent": 594000,
        "othercomprehensiveincomelossnetoftaxportionattributabletoparent": -6069000,
        "comprehensiveincomenetoftax": 164510000,
        "othercomprehensiveincomeunrealizedholdinggainlossonsecuritiesarisingduringperiodtax": -85000,
        "othercomprehensiveincomelosscashflowhedgegainlossafterreclassificationtaxparent": 165000
    },
    {
        "date": "2023-03-30",
        "symbol": "FSLR",
        "period": "Q1",
        "revenues": 548286000,
        "costofgoodsandservicessold": 436235000,
        "grossprofit": 112051000,
        "sellinggeneralandadministrativeexpense": 44028000,
        "researchanddevelopmentexpense": 30510000,
        "productionstartupexpense": 19494000,
        "operatingexpenses": 94032000,
        "gainlossonsaleofbusiness": -17000,
        "operatingincomeloss": 18002000,
        "foreigncurrencytransactiongainlossbeforetax": -5947000,
        "investmentincomeinterest": 25822000,
        "interestexpense": 748000,
        "othernonoperatingincomeexpense": -1456000,
        "incomelossfromcontinuingoperationsbeforeincometaxesextraordinaryitemsnoncontrollinginterest": 35673000,
        "incometaxexpensebenefit": -6888000,
        "netincomeloss": 42561000,
        "earningspersharebasic": 0.4,
        "earningspersharediluted": 0.4,
        "weightedaveragenumberofsharesoutstandingbasic": 106675000,
        "weightedaveragenumberofdilutedsharesoutstanding": 107154000,
        "othercomprehensiveincomelossforeigncurrencytransactionandtranslationadjustmentnetoftax": 2655000,
        "othercomprehensiveincomelossavailableforsalesecuritiesadjustmentnetoftax": 6966000,
        "othercomprehensiveincomelosscashflowhedgegainlossafterreclassificationandtaxparent": 2214000,
        "othercomprehensiveincomelossnetoftaxportionattributabletoparent": 11835000,
        "comprehensiveincomenetoftax": 54396000,
        "othercomprehensiveincomeunrealizedholdinggainlossonsecuritiesarisingduringperiodtax": 402000,
        "othercomprehensiveincomelosscashflowhedgegainlossafterreclassificationtaxparent": 708000
    },
    {
        "date": "2022-12-30",
        "symbol": "FSLR",
        "period": "Q4",
        "revenues": 1002391000,
        "costofgoodsandservicessold": 941778000,
        "grossprofit": 60613000,
        "sellinggeneralandadministrativeexpense": 42734000,
        "researchanddevelopmentexpense": 31284000,
        "productionstartupexpense": 32740000,
        "operatingexpenses": 106758000,
        "gainlossonsaleofbusiness": 239000,
        "operatingincomeloss": -45906000,
        "foreigncurrencytransactiongainlossbeforetax": -4373000,
        "investmentincomeinterest": 18330000,
        "interestexpense": 3133000,
        "othernonoperatingincomeexpense": 28510000,
        "incometaxexpensebenefit": 976000,
        "netincomeloss": -7548000,
        "earningspersharebasic": -0.06,
        "earningspersharediluted": -0.06,
        "weightedaveragenumberofsharesoutstandingbasic": -213043000,
        "weightedaveragenumberofdilutedsharesoutstanding": -213513000,
        "othercomprehensiveincomelossforeigncurrencytransactionandtranslationadjustmentnetoftax": 8677000,
        "othercomprehensiveincomelossavailableforsalesecuritiesadjustmentnetoftax": -3372000,
        "othercomprehensiveincomelosscashflowhedgegainlossafterreclassificationandtaxparent": 2728000,
        "othercomprehensiveincomelossnetoftaxportionattributabletoparent": 8033000,
        "comprehensiveincomenetoftax": 485000,
        "othercomprehensiveincomeunrealizedholdinggainlossonsecuritiesarisingduringperiodtax": -15000,
        "othercomprehensiveincomelosscashflowhedgegainlossafterreclassificationtaxparent": 862000
    },
    {
        "date": "2022-09-29",
        "symbol": "FSLR",
        "period": "Q3",
        "revenues": 628933000,
        "costofgoodsandservicessold": 607951000,
        "grossprofit": 20982000,
        "sellinggeneralandadministrativeexpense": 46368000,
        "researchanddevelopmentexpense": 29183000,
        "productionstartupexpense": 19768000,
        "operatingexpenses": 95319000,
        "gainlossonsaleofbusiness": 5984000,
        "operatingincomeloss": -68353000,
        "foreigncurrencytransactiongainlossbeforetax": -4859000,
        "investmentincomeinterest": 9749000,
        "interestexpense": 2991000,
        "othernonoperatingincomeexpense": 4774000,
        "incomelossfromcontinuingoperationsbeforeincometaxesextraordinaryitemsnoncontrollinginterest": -61680000,
        "incometaxexpensebenefit": -12512000,
        "netincomeloss": -49168000,
        "earningspersharebasic": -0.46,
        "earningspersharediluted": -0.46,
        "weightedaveragenumberofsharesoutstandingbasic": 106596000,
        "weightedaveragenumberofdilutedsharesoutstanding": 106596000,
        "othercomprehensiveincomelossforeigncurrencytransactionandtranslationadjustmentnetoftax": -12403000,
        "othercomprehensiveincomelossavailableforsalesecuritiesadjustmentnetoftax": -13884000,
        "othercomprehensiveincomelosscashflowhedgegainlossafterreclassificationandtaxparent": -3333000,
        "othercomprehensiveincomelossnetoftaxportionattributabletoparent": -29620000,
        "comprehensiveincomenetoftax": -78788000,
        "othercomprehensiveincomeunrealizedholdinggainlossonsecuritiesarisingduringperiodtax": -697000,
        "othercomprehensiveincomelosscashflowhedgegainlossafterreclassificationtaxparent": -905000
    },
    {
        "date": "2022-06-29",
        "symbol": "FSLR",
        "period": "Q2",
        "revenues": 620955000,
        "costofgoodsandservicessold": 644155000,
        "grossprofit": -23200000,
        "sellinggeneralandadministrativeexpense": 38894000,
        "researchanddevelopmentexpense": 25229000,
        "productionstartupexpense": 13231000,
        "operatingexpenses": 77354000,
        "gainlossonsaleofbusiness": 245381000,
        "operatingincomeloss": 144827000,
        "foreigncurrencytransactiongainlossbeforetax": -2984000,
        "investmentincomeinterest": 2880000,
        "interestexpense": 3236000,
        "othernonoperatingincomeexpense": -1883000,
        "incomelossfromcontinuingoperationsbeforeincometaxesextraordinaryitemsnoncontrollinginterest": 139604000,
        "incometaxexpensebenefit": 83799000,
        "netincomeloss": 55805000,
        "earningspersharebasic": 0.52,
        "earningspersharediluted": 0.52,
        "weightedaveragenumberofsharesoutstandingbasic": 106586000,
        "weightedaveragenumberofdilutedsharesoutstanding": 107056000,
        "othercomprehensiveincomelossforeigncurrencytransactionandtranslationadjustmentnetoftax": -18170000,
        "othercomprehensiveincomelossavailableforsalesecuritiesadjustmentnetoftax": -16967000,
        "othercomprehensiveincomelosscashflowhedgegainlossafterreclassificationandtaxparent": -5643000,
        "othercomprehensiveincomelossnetoftaxportionattributabletoparent": -40780000,
        "comprehensiveincomenetoftax": 15025000,
        "othercomprehensiveincomeunrealizedholdinggainlossonsecuritiesarisingduringperiodtax": -681000,
        "othercomprehensiveincomelosscashflowhedgegainlossafterreclassificationtaxparent": -1541000
    },
    {
        "date": "2022-03-30",
        "symbol": "FSLR",
        "period": "Q1",
        "revenues": 367040000,
        "costofgoodsandservicessold": 355577000,
        "grossprofit": 11463000,
        "sellinggeneralandadministrativeexpense": 36728000,
        "researchanddevelopmentexpense": 27108000,
        "productionstartupexpense": 7338000,
        "operatingexpenses": 71174000,
        "gainlossonsaleofbusiness": 1907000,
        "operatingincomeloss": -57804000,
        "foreigncurrencytransactiongainlossbeforetax": -4198000,
        "investmentincomeinterest": 2325000,
        "interestexpense": 2865000,
        "othernonoperatingincomeexpense": -212000,
        "incomelossfromcontinuingoperationsbeforeincometaxesextraordinaryitemsnoncontrollinginterest": -62754000,
        "incometaxexpensebenefit": -19499000,
        "netincomeloss": -43255000,
        "earningspersharebasic": -0.41,
        "earningspersharediluted": -0.41,
        "weightedaveragenumberofsharesoutstandingbasic": 106412000,
        "weightedaveragenumberofdilutedsharesoutstanding": 106412000,
        "othercomprehensiveincomelossforeigncurrencytransactionandtranslationadjustmentnetoftax": -10125000,
        "othercomprehensiveincomelossavailableforsalesecuritiesadjustmentnetoftax": -22521000,
        "othercomprehensiveincomelosscashflowhedgegainlossafterreclassificationandtaxparent": -442000,
        "othercomprehensiveincomelossnetoftaxportionattributabletoparent": -33088000,
        "comprehensiveincomenetoftax": -76343000,
        "othercomprehensiveincomeunrealizedholdinggainlossonsecuritiesarisingduringperiodtax": -1246000,
        "othercomprehensiveincomelosscashflowhedgegainlossafterreclassificationtaxparent": -94000
    },
    {
        "date": "2021-12-30",
        "symbol": "FSLR",
        "period": "Q4",
        "revenues": 907319000,
        "costofgoodsandservicessold": 660830000,
        "grossprofit": 246489000,
        "sellinggeneralandadministrativeexpense": 38411000,
        "researchanddevelopmentexpense": 29881000,
        "productionstartupexpense": 5038000,
        "operatingexpenses": 73330000,
        "gainlossonsaleofbusiness": 0,
        "operatingincomeloss": 173159000,
        "foreigncurrencytransactiongainlossbeforetax": -3362000,
        "investmentincomeinterest": 2183000,
        "interestexpense": 2530000,
        "othernonoperatingincomeexpense": -2284000,
        "incomelossfromcontinuingoperationsbeforeincometaxesminorityinterestandincomelossfromequitymethodinvestments": 167166000,
        "incometaxexpensebenefit": 35796000,
        "netincomeloss": 131370000,
        "earningspersharebasic": 1.2200000000000002,
        "earningspersharediluted": 1.23,
        "weightedaveragenumberofsharesoutstandingbasic": -212458000,
        "weightedaveragenumberofdilutedsharesoutstanding": -213701000,
        "othercomprehensiveincomelossforeigncurrencytransactionandtranslationadjustmentnetoftax": -1872000,
        "othercomprehensiveincomelossavailableforsalesecuritiesadjustmentnetoftax": -4705000,
        "othercomprehensiveincomelossnetoftaxportionattributabletoparent": -7618000,
        "comprehensiveincomenetoftax": 123752000,
        "othercomprehensiveincomeunrealizedholdinggainlossonsecuritiesarisingduringperiodtax": -363000
    },
    {
        "date": "2021-09-29",
        "symbol": "FSLR",
        "period": "Q3",
        "revenues": 583504000,
        "costofgoodsandservicessold": 458924000,
        "grossprofit": 124580000,
        "sellinggeneralandadministrativeexpense": 43476000,
        "researchanddevelopmentexpense": 25426000,
        "productionstartupexpense": 2945000,
        "operatingexpenses": 71847000,
        "gainlossonsaleofbusiness": -1866000,
        "operatingincomeloss": 50867000,
        "foreigncurrencytransactiongainlossbeforetax": -1018000,
        "investmentincomeinterest": 1752000,
        "interestexpense": 2958000,
        "othernonoperatingincomeexpense": -2603000,
        "incomelossfromcontinuingoperationsbeforeincometaxesminorityinterestandincomelossfromequitymethodinvestments": 46040000,
        "incometaxexpensebenefit": 837000,
        "netincomeloss": 45203000,
        "earningspersharebasic": 0.43,
        "earningspersharediluted": 0.42,
        "weightedaveragenumberofsharesoutstandingbasic": 106320000,
        "weightedaveragenumberofdilutedsharesoutstanding": 106899000,
        "othercomprehensiveincomelossforeigncurrencytransactionandtranslationadjustmentnetoftax": -1915000,
        "othercomprehensiveincomelossavailableforsalesecuritiesadjustmentnetoftax": -3486000,
        "othercomprehensiveincomelosscashflowhedgegainlossafterreclassificationandtaxparent": 118000,
        "othercomprehensiveincomelossnetoftaxportionattributabletoparent": -5283000,
        "comprehensiveincomenetoftax": 39920000,
        "othercomprehensiveincomeunrealizedholdinggainlossonsecuritiesarisingduringperiodtax": -47000,
        "othercomprehensiveincomelosscashflowhedgegainlossafterreclassificationtaxparent": -153000
    },
    {
        "date": "2021-06-29",
        "symbol": "FSLR",
        "period": "Q2",
        "revenues": 629180000,
        "costofgoodsandservicessold": 455062000,
        "grossprofit": 174118000,
        "sellinggeneralandadministrativeexpense": 36346000,
        "researchanddevelopmentexpense": 23935000,
        "productionstartupexpense": 1715000,
        "operatingexpenses": 61996000,
        "gainlossonsaleofbusiness": -1745000,
        "operatingincomeloss": 110377000,
        "foreigncurrencytransactiongainlossbeforetax": -1000000,
        "investmentincomeinterest": 1288000,
        "interestexpense": 4623000,
        "othernonoperatingincomeexpense": -3247000,
        "incomelossfromcontinuingoperationsbeforeincometaxesminorityinterestandincomelossfromequitymethodinvestments": 102795000,
        "incometaxexpensebenefit": 20346000,
        "netincomeloss": 82449000,
        "earningspersharebasic": 0.78,
        "earningspersharediluted": 0.77,
        "weightedaveragenumberofsharesoutstandingbasic": 106313000,
        "weightedaveragenumberofdilutedsharesoutstanding": 106836000,
        "othercomprehensiveincomelossforeigncurrencytransactionandtranslationadjustmentnetoftax": 290000,
        "othercomprehensiveincomelossavailableforsalesecuritiesadjustmentnetoftax": 115000,
        "othercomprehensiveincomederivativesqualifyingashedgesnetoftaxportionattributabletoparent": 784000,
        "othercomprehensiveincomelossnetoftaxportionattributabletoparent": 1189000,
        "comprehensiveincomenetoftax": 83638000,
        "othercomprehensiveincomeunrealizedholdinggainlossonsecuritiesarisingduringperiodtax": 34000,
        "othercomprehensiveincomeunrealizedgainlossonderivativesarisingduringperiodtax": 61000
    },
    {
        "date": "2021-03-30",
        "symbol": "FSLR",
        "period": "Q1",
        "revenues": 803374000,
        "costofgoodsandservicessold": 618607000,
        "grossprofit": 184767000,
        "sellinggeneralandadministrativeexpense": 52087000,
        "researchanddevelopmentexpense": 19873000,
        "productionstartupexpense": 11354000,
        "operatingexpenses": 83314000,
        "gainlossonsaleofbusiness": 150895000,
        "operatingincomeloss": 252348000,
        "foreigncurrencytransactiongainlossbeforetax": -2595000,
        "investmentincomeinterest": 956000,
        "interestexpense": 2996000,
        "othernonoperatingincomeexpense": 8448000,
        "incomelossfromcontinuingoperationsbeforeincometaxesminorityinterestandincomelossfromequitymethodinvestments": 256161000,
        "incometaxexpensebenefit": 46490000,
        "netincomeloss": 209671000,
        "earningspersharebasic": 1.98,
        "earningspersharediluted": 1.96,
        "weightedaveragenumberofsharesoutstandingbasic": 106088000,
        "weightedaveragenumberofdilutedsharesoutstanding": 106890000,
        "othercomprehensiveincomelossforeigncurrencytransactionandtranslationadjustmentnetoftax": -9716000,
        "othercomprehensiveincomelossavailableforsalesecuritiesadjustmentnetoftax": -16590000,
        "othercomprehensiveincomederivativesqualifyingashedgesnetoftaxportionattributabletoparent": 3382000,
        "othercomprehensiveincomelossnetoftaxportionattributabletoparent": -22924000,
        "comprehensiveincomenetoftax": 186747000,
        "othercomprehensiveincomeunrealizedholdinggainlossonsecuritiesarisingduringperiodtax": -1121000,
        "othercomprehensiveincomeunrealizedgainlossonderivativesarisingduringperiodtax": 637000
    },
    {
        "date": "2020-12-30",
        "symbol": "FSLR",
        "period": "Q4",
        "revenues": 215551000,
        "costofgoodsandservicessold": 7379000,
        "grossprofit": 84508000,
        "sellinggeneralandadministrativeexpense": 62700000,
        "researchanddevelopmentexpense": 22670000,
        "productionstartupexpense": 16716000,
        "operatingexpenses": 102086000,
        "operatingincomeloss": 57774000,
        "foreigncurrencytransactiongainlossbeforetax": -1341000,
        "investmentincomeinterest": 1446000,
        "interestexpense": 3018000,
        "othernonoperatingincomeexpense": 14031000,
        "incomelossfromcontinuingoperationsbeforeincometaxesminorityinterestandincomelossfromequitymethodinvestments": 49798000,
        "incometaxexpensebenefit": -66400000,
        "incomelossfromequitymethodinvestments": -2279000,
        "netincomeloss": 115703000,
        "earningspersharebasic": 1.0899999999999999,
        "earningspersharediluted": 1.08,
        "weightedaveragenumberofsharesoutstandingbasic": 37000,
        "weightedaveragenumberofdilutedsharesoutstanding": 149000,
        "othercomprehensiveincomelossforeigncurrencytransactionandtranslationadjustmentnetoftax": -3362000,
        "othercomprehensiveincomelossavailableforsalesecuritiesadjustmentnetoftax": 833000,
        "othercomprehensiveincomederivativesqualifyingashedgesnetoftaxportionattributabletoparent": 500000,
        "othercomprehensiveincomelossnetoftaxportionattributabletoparent": 3183000,
        "comprehensiveincomenetoftax": 113674000,
        "othercomprehensiveincomeunrealizedholdinggainlossonsecuritiesarisingduringperiodtax": 409000,
        "othercomprehensiveincomeunrealizedgainlossonderivativesarisingduringperiodtax": 0
    },
    {
        "date": "2020-09-29",
        "symbol": "FSLR",
        "period": "Q3",
        "revenues": 1321246000,
        "costofgoodsandservicessold": 1076543000,
        "grossprofit": 368367000,
        "sellinggeneralandadministrativeexpense": 49861000,
        "researchanddevelopmentexpense": 22972000,
        "productionstartupexpense": 13019000,
        "operatingexpenses": 85852000,
        "operatingincomeloss": 207163000,
        "foreigncurrencytransactiongainlossbeforetax": -1852000,
        "investmentincomeinterest": 2109000,
        "interestexpense": 10975000,
        "othernonoperatingincomeexpense": -20546000,
        "incomelossfromcontinuingoperationsbeforeincometaxesminorityinterestandincomelossfromequitymethodinvestments": 194993000,
        "incometaxexpensebenefit": 38107000,
        "incomelossfromequitymethodinvestments": -65000,
        "netincomeloss": 155037000,
        "earningspersharebasic": 1.46,
        "earningspersharediluted": 1.4499999999999997,
        "weightedaveragenumberofsharesoutstandingbasic": -105692000,
        "weightedaveragenumberofdilutedsharesoutstanding": -106322000,
        "othercomprehensiveincomelossforeigncurrencytransactionandtranslationadjustmentnetoftax": 3242000,
        "othercomprehensiveincomelossavailableforsalesecuritiesadjustmentnetoftax": 6148000,
        "othercomprehensiveincomederivativesqualifyingashedgesnetoftaxportionattributabletoparent": -1827000,
        "othercomprehensiveincomelossnetoftaxportionattributabletoparent": 2351000,
        "comprehensiveincomenetoftax": 162600000,
        "othercomprehensiveincomeunrealizedholdinggainlossonsecuritiesarisingduringperiodtax": 236000,
        "othercomprehensiveincomeunrealizedgainlossonderivativesarisingduringperiodtax": -55000
    },
    {
        "date": "2020-06-29",
        "symbol": "FSLR",
        "period": "Q2",
        "revenues": 642411000,
        "costofgoodsandservicessold": 504951000,
        "grossprofit": 137460000,
        "sellinggeneralandadministrativeexpense": 51770000,
        "researchanddevelopmentexpense": 22483000,
        "productionstartupexpense": 6311000,
        "losscontingencylossinperiod": 6000000,
        "operatingexpenses": 86564000,
        "operatingincomeloss": 50896000,
        "foreigncurrencytransactiongainlossbeforetax": -1299000,
        "investmentincomeinterest": 3674000,
        "interestexpense": 3254000,
        "othernonoperatingincomeexpense": -3195000,
        "incomelossfromcontinuingoperationsbeforeincometaxesminorityinterestandincomelossfromequitymethodinvestments": 46822000,
        "incometaxexpensebenefit": 10214000,
        "incomelossfromequitymethodinvestments": 303000,
        "netincomeloss": 36911000,
        "earningspersharebasic": 0.35,
        "earningspersharediluted": 0.35,
        "weightedaveragenumberofsharesoutstandingbasic": 105927000,
        "weightedaveragenumberofdilutedsharesoutstanding": 106473000,
        "othercomprehensiveincomelossforeigncurrencytransactionandtranslationadjustmentnetoftax": 5374000,
        "othercomprehensiveincomelossavailableforsalesecuritiesadjustmentnetoftax": 11826000,
        "othercomprehensiveincomederivativesqualifyingashedgesnetoftaxportionattributabletoparent": -810000,
        "othercomprehensiveincomelossnetoftaxportionattributabletoparent": 16390000,
        "comprehensiveincomenetoftax": 53301000,
        "othercomprehensiveincomeunrealizedholdinggainlossonsecuritiesarisingduringperiodtax": 975000,
        "othercomprehensiveincomeunrealizedgainlossonderivativesarisingduringperiodtax": 7000
    },
    {
        "date": "2020-03-30",
        "symbol": "FSLR",
        "period": "Q1",
        "revenues": 532124000,
        "costofgoodsandservicessold": 441786000,
        "grossprofit": 90338000,
        "sellinggeneralandadministrativeexpense": 58587000,
        "researchanddevelopmentexpense": 25613000,
        "productionstartupexpense": 4482000,
        "operatingexpenses": 88682000,
        "operatingincomeloss": 1656000,
        "foreigncurrencytransactiongainlossbeforetax": -398000,
        "investmentincomeinterest": 9330000,
        "interestexpense": 6789000,
        "othernonoperatingincomeexpense": -2222000,
        "incomelossfromcontinuingoperationsbeforeincometaxesminorityinterestandincomelossfromequitymethodinvestments": 1577000,
        "incometaxexpensebenefit": -89215000,
        "incomelossfromequitymethodinvestments": -88000,
        "netincomeloss": 90704000,
        "earningspersharebasic": 0.86,
        "earningspersharediluted": 0.85,
        "weightedaveragenumberofsharesoutstandingbasic": 105595000,
        "weightedaveragenumberofdilutedsharesoutstanding": 106386000,
        "othercomprehensiveincomelossforeigncurrencytransactionandtranslationadjustmentnetoftax": -8064000,
        "othercomprehensiveincomelossavailableforsalesecuritiesadjustmentnetoftax": 2852000,
        "othercomprehensiveincomederivativesqualifyingashedgesnetoftaxportionattributabletoparent": 896000,
        "othercomprehensiveincomelossnetoftaxportionattributabletoparent": -4316000,
        "comprehensiveincomenetoftax": 86388000,
        "othercomprehensiveincomeunrealizedholdinggainlossonsecuritiesarisingduringperiodtax": -389000,
        "othercomprehensiveincomeunrealizedgainlossonderivativesarisingduringperiodtax": 79000
    },
    {
        "date": "2019-12-30",
        "symbol": "FSLR",
        "period": "Q4",
        "netincomeloss": -59408000,
        "othercomprehensiveincomelossforeigncurrencytransactionandtranslationadjustmentnetoftax": -804000,
        "othercomprehensiveincomelossavailableforsalesecuritiesadjustmentnetoftax": -37486000,
        "othercomprehensiveincomederivativesqualifyingashedgesnetoftaxportionattributabletoparent": -1526000,
        "othercomprehensiveincomelossnetoftaxportionattributabletoparent": -43221000,
        "comprehensiveincomenetoftax": -99224000,
        "othercomprehensiveincomeunrealizedholdinggainlossonsecuritiesarisingduringperiodtax": -2862000,
        "othercomprehensiveincomeunrealizedgainlossonderivativesarisingduringperiodtax": 287000,
        "revenues": 1732540000,
        "costofgoodsandservicessold": 1065822000,
        "grossprofit": 358663000,
        "sellinggeneralandadministrativeexpense": 55643000,
        "researchanddevelopmentexpense": 25427000,
        "productionstartupexpense": 7351000,
        "operatingexpenses": 451421000,
        "operatingincomeloss": -117866000,
        "foreigncurrencytransactiongainlossbeforetax": -816000,
        "investmentincomeinterest": 9663000,
        "interestexpense": 3048000,
        "othernonoperatingincomeexpense": 21873000,
        "incomelossfromcontinuingoperationsbeforeincometaxesminorityinterestandincomelossfromequitymethodinvestments": -90194000,
        "incometaxexpensebenefit": -30865000,
        "incomelossfromequitymethodinvestments": -79000,
        "earningspersharebasic": -0.5600000000000002,
        "earningspersharediluted": -0.5600000000000002,
        "weightedaveragenumberofsharesoutstandingbasic": -210502000,
        "weightedaveragenumberofdilutedsharesoutstanding": -211332000
    },
    {
        "date": "2019-09-29",
        "symbol": "FSLR",
        "period": "Q3",
        "netincomeloss": 30622000,
        "othercomprehensiveincomelossforeigncurrencytransactionandtranslationadjustmentnetoftax": -6570000,
        "othercomprehensiveincomelossavailableforsalesecuritiesadjustmentnetoftax": 13258000,
        "othercomprehensiveincomederivativesqualifyingashedgesnetoftaxportionattributabletoparent": 714000,
        "othercomprehensiveincomelossnetoftaxportionattributabletoparent": 7402000,
        "comprehensiveincomenetoftax": 38024000,
        "othercomprehensiveincomeunrealizedholdinggainlossonsecuritiesarisingduringperiodtax": 376000,
        "othercomprehensiveincomeunrealizedgainlossonderivativesarisingduringperiodtax": -98000,
        "revenues": 546806000,
        "costofgoodsandservicessold": 408443000,
        "grossprofit": 138363000,
        "sellinggeneralandadministrativeexpense": 53542000,
        "researchanddevelopmentexpense": 24912000,
        "productionstartupexpense": 18605000,
        "operatingexpenses": 97059000,
        "operatingincomeloss": 41304000,
        "foreigncurrencytransactiongainlossbeforetax": 1209000,
        "investmentincomeinterest": 11454000,
        "interestexpense": 4976000,
        "othernonoperatingincomeexpense": -3399000,
        "incomelossfromcontinuingoperationsbeforeincometaxesminorityinterestandincomelossfromequitymethodinvestments": 45592000,
        "incometaxexpensebenefit": 15035000,
        "incomelossfromequitymethodinvestments": 65000,
        "earningspersharebasic": 0.29,
        "earningspersharediluted": 0.29,
        "weightedaveragenumberofsharesoutstandingbasic": 105397000,
        "weightedaveragenumberofdilutedsharesoutstanding": 106227000
    },
    {
        "date": "2019-06-29",
        "symbol": "FSLR",
        "period": "Q2",
        "netincomeloss": -18548000,
        "othercomprehensiveincomelossforeigncurrencytransactionandtranslationadjustmentnetoftax": 1467000,
        "othercomprehensiveincomelossavailableforsalesecuritiesadjustmentnetoftax": 11905000,
        "othercomprehensiveincomederivativesqualifyingashedgesnetoftaxportionattributabletoparent": -1279000,
        "othercomprehensiveincomelossnetoftaxportionattributabletoparent": 12093000,
        "comprehensiveincomenetoftax": -6455000,
        "othercomprehensiveincomeunrealizedholdinggainlossonsecuritiesarisingduringperiodtax": 417000,
        "othercomprehensiveincomeunrealizedgainlossonderivativesarisingduringperiodtax": -358000,
        "revenues": 584956000,
        "costofgoodsandservicessold": 507774000,
        "grossprofit": 77182000,
        "sellinggeneralandadministrativeexpense": 50934000,
        "researchanddevelopmentexpense": 24395000,
        "productionstartupexpense": 10437000,
        "operatingexpenses": 85766000,
        "operatingincomeloss": -8584000,
        "foreigncurrencytransactiongainlossbeforetax": 1726000,
        "investmentincomeinterest": 13510000,
        "interestexpense": 8921000,
        "othernonoperatingincomeexpense": -4438000,
        "incomelossfromcontinuingoperationsbeforeincometaxesminorityinterestandincomelossfromequitymethodinvestments": -6707000,
        "incometaxexpensebenefit": 11744000,
        "incomelossfromequitymethodinvestments": -97000,
        "earningspersharebasic": -0.18,
        "earningspersharediluted": -0.18,
        "weightedaveragenumberofsharesoutstandingbasic": 105369000,
        "weightedaveragenumberofdilutedsharesoutstanding": 105369000
    },
    {
        "date": "2019-03-30",
        "symbol": "FSLR",
        "period": "Q1",
        "netincomeloss": -67599000,
        "othercomprehensiveincomelossforeigncurrencytransactionandtranslationadjustmentnetoftax": -1142000,
        "othercomprehensiveincomelossavailableforsalesecuritiesadjustmentnetoftax": -3347000,
        "othercomprehensiveincomederivativesqualifyingashedgesnetoftaxportionattributabletoparent": -58000,
        "othercomprehensiveincomelossnetoftaxportionattributabletoparent": -1142000,
        "comprehensiveincomenetoftax": -72146000,
        "othercomprehensiveincomeunrealizedholdinggainlossonsecuritiesarisingduringperiodtax": -977000,
        "othercomprehensiveincomeunrealizedgainlossonderivativesarisingduringperiodtax": 27000,
        "revenues": 198815000,
        "costofgoodsandservicessold": 531866000,
        "grossprofit": -24996000,
        "sellinggeneralandadministrativeexpense": 45352000,
        "researchanddevelopmentexpense": 21877000,
        "productionstartupexpense": 9522000,
        "operatingexpenses": 76751000,
        "operatingincomeloss": -76639000,
        "foreigncurrencytransactiongainlossbeforetax": 172000,
        "investmentincomeinterest": 14259000,
        "interestexpense": 10121000,
        "othernonoperatingincomeexpense": 3509000,
        "incomelossfromcontinuingoperationsbeforeincometaxesminorityinterestandincomelossfromequitymethodinvestments": -68820000,
        "incometaxexpensebenefit": -1394000,
        "incomelossfromequitymethodinvestments": -173000,
        "earningspersharebasic": -0.64,
        "earningspersharediluted": -0.64,
        "weightedaveragenumberofsharesoutstandingbasic": 105046000,
        "weightedaveragenumberofdilutedsharesoutstanding": 105046000
    },
    {
        "date": "2018-12-30",
        "symbol": "FSLR",
        "period": "Q4",
        "netincomeloss": 52116000,
        "othercomprehensiveincomelossforeigncurrencytransactionandtranslationadjustmentnetoftax": 6218000,
        "othercomprehensiveincomelossavailableforsalesecuritiesadjustmentnetoftax": -25641000,
        "othercomprehensiveincomederivativesqualifyingashedgesnetoftaxportionattributabletoparent": 128000,
        "othercomprehensiveincomelossnetoftaxportionattributabletoparent": 9540000,
        "comprehensiveincomenetoftax": 32821000,
        "othercomprehensiveincomeunrealizedholdinggainlossonsecuritiesarisingduringperiodtax": -311000,
        "othercomprehensiveincomeunrealizedgainlossonderivativesarisingduringperiodtax": -4000,
        "grossprofit": 279092000,
        "sellinggeneralandadministrativeexpense": 51338000,
        "researchanddevelopmentexpense": 21388000,
        "productionstartupexpense": 14576000,
        "operatingexpenses": 87302000,
        "operatingincomeloss": 11008000,
        "foreigncurrencytransactiongainlossbeforetax": 95000,
        "investmentincomeinterest": 14643000,
        "interestexpense": 11476000,
        "othernonoperatingincomeexpense": 36922000,
        "incomelossfromcontinuingoperationsbeforeincometaxesminorityinterestandincomelossfromequitymethodinvestments": -3327000,
        "incometaxexpensebenefit": -4416000,
        "incomelossfromequitymethodinvestments": 5500000,
        "earningspersharebasic": 0.4999999999999998,
        "earningspersharediluted": 0.5,
        "weightedaveragenumberofsharesoutstandingbasic": -209385000,
        "weightedaveragenumberofdilutedsharesoutstanding": -211131000
    },
    {
        "date": "2018-09-29",
        "symbol": "FSLR",
        "period": "Q3",
        "netincomeloss": 57750000,
        "othercomprehensiveincomelossforeigncurrencytransactionandtranslationadjustmentnetoftax": 1793000,
        "othercomprehensiveincomelossavailableforsalesecuritiesadjustmentnetoftax": -6688000,
        "othercomprehensiveincomederivativesqualifyingashedgesnetoftaxportionattributabletoparent": -39000,
        "othercomprehensiveincomelossnetoftaxportionattributabletoparent": -4934000,
        "comprehensiveincomenetoftax": 52816000,
        "othercomprehensiveincomeunrealizedholdinggainlossonsecuritiesarisingduringperiodtax": -273000,
        "othercomprehensiveincomeunrealizedgainlossonderivativesarisingduringperiodtax": 22000,
        "revenues": 556395000,
        "costofgoodsandservicessold": -212000,
        "grossprofit": 134781000,
        "sellinggeneralandadministrativeexpense": 33539000,
        "researchanddevelopmentexpense": 22390000,
        "productionstartupexpense": 14723000,
        "operatingexpenses": 70652000,
        "operatingincomeloss": 58475000,
        "foreigncurrencytransactiongainlossbeforetax": -5448000,
        "investmentincomeinterest": 16456000,
        "interestexpense": 3198000,
        "othernonoperatingincomeexpense": 546000,
        "incomelossfromcontinuingoperationsbeforeincometaxesminorityinterestandincomelossfromequitymethodinvestments": -5068000,
        "incometaxexpensebenefit": 2396000,
        "incomelossfromequitymethodinvestments": -3100000,
        "earningspersharebasic": 0.55,
        "earningspersharediluted": 0.54,
        "weightedaveragenumberofsharesoutstandingbasic": 104804000,
        "weightedaveragenumberofdilutedsharesoutstanding": 106163000
    },
    {
        "date": "2018-06-29",
        "symbol": "FSLR",
        "period": "Q2",
        "netincomeloss": -48491000,
        "othercomprehensiveincomelossforeigncurrencytransactionandtranslationadjustmentnetoftax": -15059000,
        "othercomprehensiveincomelossavailableforsalesecuritiesadjustmentnetoftax": 506000,
        "othercomprehensiveincomederivativesqualifyingashedgesnetoftaxportionattributabletoparent": 2899000,
        "othercomprehensiveincomelossnetoftaxportionattributabletoparent": -11654000,
        "comprehensiveincomenetoftax": -60145000,
        "othercomprehensiveincomeunrealizedholdinggainlossonsecuritiesarisingduringperiodtax": -41000,
        "othercomprehensiveincomeunrealizedgainlossonderivativesarisingduringperiodtax": 914000,
        "revenues": 203986000,
        "costofgoodsandservicessold": 317376000,
        "grossprofit": 18493000,
        "sellinggeneralandadministrativeexpense": 50854000,
        "researchanddevelopmentexpense": 20370000,
        "productionstartupexpense": 24352000,
        "operatingexpenses": 95576000,
        "operatingincomeloss": -103634000,
        "foreigncurrencytransactiongainlossbeforetax": 2422000,
        "investmentincomeinterest": 16865000,
        "interestexpense": 6065000,
        "othernonoperatingincomeexpense": 3000,
        "incomelossfromcontinuingoperationsbeforeincometaxesminorityinterestandincomelossfromequitymethodinvestments": -94740000,
        "incometaxexpensebenefit": -6164000,
        "incomelossfromequitymethodinvestments": 700000,
        "earningspersharebasic": -0.46,
        "earningspersharediluted": -0.46,
        "weightedaveragenumberofsharesoutstandingbasic": 104776000,
        "weightedaveragenumberofdilutedsharesoutstanding": 104776000
    },
    {
        "date": "2018-03-30",
        "symbol": "FSLR",
        "period": "Q1",
        "netincomeloss": 82951000,
        "othercomprehensiveincomelossforeigncurrencytransactionandtranslationadjustmentnetoftax": 6014000,
        "othercomprehensiveincomelossavailableforsalesecuritiesadjustmentnetoftax": -25924000,
        "othercomprehensiveincomederivativesqualifyingashedgesnetoftaxportionattributabletoparent": -932000,
        "othercomprehensiveincomelossnetoftaxportionattributabletoparent": 6014000,
        "comprehensiveincomenetoftax": 62109000,
        "othercomprehensiveincomeunrealizedholdinggainlossonsecuritiesarisingduringperiodtax": -3110000,
        "othercomprehensiveincomeunrealizedgainlossonderivativesarisingduringperiodtax": 64000,
        "salesrevenuenet": 161293000,
        "costofgoodssold": 394467000,
        "grossprofit": 10278000,
        "sellinggeneralandadministrativeexpense": 41126000,
        "researchanddevelopmentexpense": 20324000,
        "productionstartupexpense": 37084000,
        "operatingexpenses": 98534000,
        "operatingincomeloss": 74264000,
        "foreigncurrencytransactiongainlossbeforetax": -2517000,
        "investmentincomeinterest": 11824000,
        "interestexpense": 5182000,
        "othernonoperatingincomeexpense": 17934000,
        "incomelossfromcontinuingoperationsbeforeincometaxesminorityinterestandincomelossfromequitymethodinvestments": 96323000,
        "incometaxexpensebenefit": 11625000,
        "incomelossfromequitymethodinvestments": 1200000,
        "earningspersharebasic": 0.79,
        "earningspersharediluted": 0.78,
        "weightedaveragenumberofsharesoutstandingbasic": 104550000,
        "weightedaveragenumberofdilutedsharesoutstanding": 106305000
    },
    {
        "date": "2017-12-30",
        "symbol": "FSLR",
        "period": "Q4",
        "netincomeloss": -423371000,
        "othercomprehensiveincomelossforeigncurrencytransactionandtranslationadjustmentnetoftax": 6512000,
        "othercomprehensiveincomelossavailableforsalesecuritiesadjustmentnetoftax": 1973000,
        "othercomprehensiveincomederivativesqualifyingashedgesnetoftaxportionattributabletoparent": -370000,
        "othercomprehensiveincomelossnetoftaxportionattributabletoparent": 837000,
        "comprehensiveincomenetoftax": -424339000,
        "salesrevenuenet": -1572202000,
        "costofgoodssold": 277111000,
        "grossprofit": 82194000,
        "sellinggeneralandadministrativeexpense": 54997000,
        "researchanddevelopmentexpense": 23583000,
        "productionstartupexpense": 20488000,
        "restructuringcharges": 2740000,
        "operatingexpenses": 97141000,
        "operatingincomeloss": -35071000,
        "foreigncurrencytransactiongainlossbeforetax": -3474000,
        "investmentincomeinterest": 13340000,
        "interestexpense": 6073000,
        "othernonoperatingincomeexpense": 2891000,
        "incomelossfromcontinuingoperationsbeforeincometaxesminorityinterestandincomelossfromequitymethodinvestments": -25326000,
        "incometaxexpensebenefit": 398765000,
        "incomelossfromequitymethodinvestments": 2800000,
        "earningspersharebasic": -4.15,
        "earningspersharediluted": -4.13,
        "weightedaveragenumberofsharesoutstandingbasic": -208545000,
        "weightedaveragenumberofdilutedsharesoutstanding": -210353000
    },
    {
        "date": "2017-09-29",
        "symbol": "FSLR",
        "period": "Q3",
        "netincomeloss": 205747000,
        "othercomprehensiveincomelossforeigncurrencytransactionandtranslationadjustmentnetoftax": 4717000,
        "othercomprehensiveincomelossavailableforsalesecuritiesadjustmentnetoftax": 1511000,
        "othercomprehensiveincomederivativesqualifyingashedgesnetoftaxportionattributabletoparent": -61000,
        "othercomprehensiveincomelossnetoftaxportionattributabletoparent": 6167000,
        "comprehensiveincomenetoftax": 211914000,
        "othercomprehensiveincomeunrealizedholdinggainlossonsecuritiesarisingduringperiodtax": 23000,
        "othercomprehensiveincomeunrealizedgainlossonderivativesarisingduringperiodtax": -291000,
        "salesrevenuenet": 676556000,
        "costofgoodssold": 795226000,
        "grossprofit": 216598000,
        "sellinggeneralandadministrativeexpense": 50546000,
        "researchanddevelopmentexpense": 20850000,
        "productionstartupexpense": 12624000,
        "restructuringcharges": 791000,
        "operatingexpenses": 84811000,
        "operatingincomeloss": 206989000,
        "foreigncurrencytransactiongainlossbeforetax": -3968000,
        "investmentincomeinterest": 8392000,
        "interestexpense": 4149000,
        "othernonoperatingincomeexpense": -189000,
        "incomelossfromcontinuingoperationsbeforeincometaxesminorityinterestandincomelossfromequitymethodinvestments": -189000,
        "incometaxexpensebenefit": 7580000,
        "incomelossfromequitymethodinvestments": -500000,
        "earningspersharebasic": 1.97,
        "earningspersharediluted": 1.95,
        "weightedaveragenumberofsharesoutstandingbasic": 104432000,
        "weightedaveragenumberofdilutedsharesoutstanding": 105660000
    },
    {
        "date": "2017-06-29",
        "symbol": "FSLR",
        "period": "Q2",
        "netincomeloss": 51963000,
        "othercomprehensiveincomelossforeigncurrencytransactionandtranslationadjustmentnetoftax": -4038000,
        "othercomprehensiveincomelossavailableforsalesecuritiesadjustmentnetoftax": 4523000,
        "othercomprehensiveincomederivativesqualifyingashedgesnetoftaxportionattributabletoparent": -298000,
        "othercomprehensiveincomelossnetoftaxportionattributabletoparent": 187000,
        "comprehensiveincomenetoftax": 52150000,
        "salesrevenuenet": 294204000,
        "costofgoodssold": 512433000,
        "grossprofit": 53633000,
        "researchanddevelopmentexpense": 21341000,
        "sellinggeneralandadministrativeexpense": 48957000,
        "productionstartupexpense": 8381000,
        "restructuringcharges": 18286000,
        "operatingexpenses": 96965000,
        "operatingincomeloss": 13928000,
        "foreigncurrencytransactiongainlossbeforetax": -2444000,
        "investmentincomeinterest": 7555000,
        "interestexpense": 6374000,
        "othernonoperatingincomeexpense": -2699000,
        "incomelossfromcontinuingoperationsbeforeincometaxesminorityinterestandincomelossfromequitymethodinvestments": 9966000,
        "incometaxexpensebenefit": -40028000,
        "incomelossfromequitymethodinvestments": -900000,
        "earningspersharebasic": 0.5,
        "earningspersharediluted": 0.5,
        "weightedaveragenumberofsharesoutstandingbasic": 104338000,
        "weightedaveragenumberofdilutedsharesoutstanding": 104611000
    },
    {
        "date": "2017-03-30",
        "symbol": "FSLR",
        "period": "Q1",
        "netincomeloss": 46000,
        "othercomprehensiveincomelossforeigncurrencytransactionandtranslationadjustmentnetoftax": 4641000,
        "othercomprehensiveincomelossavailableforsalesecuritiesadjustmentnetoftax": -4790000,
        "othercomprehensiveincomederivativesqualifyingashedgesnetoftaxportionattributabletoparent": -2154000,
        "othercomprehensiveincomelossnetoftaxportionattributabletoparent": 4641000,
        "comprehensiveincomenetoftax": 6826000,
        "salesrevenuenet": 891791000,
        "costofgoodssold": 807607000,
        "grossprofit": 84184000,
        "researchanddevelopmentexpense": 22799000,
        "sellinggeneralandadministrativeexpense": 48199000,
        "productionstartupexpense": 1150000,
        "restructuringcharges": 20030000,
        "operatingexpenses": 92179000,
        "operatingincomeloss": -7995000,
        "foreigncurrencytransactiongainlossbeforetax": 246000,
        "investmentincomeinterest": 6417000,
        "interestexpense": 9169000,
        "othernonoperatingincomeexpense": 46000,
        "incomelossfromcontinuingoperationsbeforeincometaxesminorityinterestandincomelossfromequitymethodinvestments": 15360000,
        "incometaxexpensebenefit": 5679000,
        "incomelossfromequitymethodinvestments": 1200000,
        "earningspersharebasic": 0.09,
        "earningspersharediluted": 0.09,
        "weightedaveragenumberofsharesoutstandingbasic": 104103000,
        "weightedaveragenumberofdilutedsharesoutstanding": 104410000
    },
    {
        "date": "2016-09-29",
        "symbol": "FSLR",
        "period": "Q3",
        "netincomeloss": 154146000,
        "othercomprehensiveincomelossforeigncurrencytransactionandtranslationadjustmentnetoftax": 1418000,
        "othercomprehensiveincomelossavailableforsalesecuritiesadjustmentnetoftax": -7917000,
        "othercomprehensiveincomederivativesqualifyingashedgesnetoftaxportionattributabletoparent": -276000,
        "othercomprehensiveincomelossnetoftaxportionattributabletoparent": -6775000,
        "comprehensiveincomenetoftax": 147371000,
        "salesrevenuenet": 260217000,
        "costofgoodssold": 501749000,
        "grossprofit": 47604000,
        "researchanddevelopmentexpense": 32173000,
        "sellinggeneralandadministrativeexpense": 60345000,
        "productionstartupexpense": 752000,
        "restructuringcharges": 1400000,
        "operatingexpenses": 97584000,
        "operatingincomeloss": 88696000,
        "foreigncurrencytransactiongainlossbeforetax": -2296000,
        "investmentincomeinterest": 5894000,
        "interestexpense": 5563000,
        "othernonoperatingincomeexpense": 6419000,
        "incomelossfromcontinuingoperationsbeforeincometaxesminorityinterestandincomelossfromequitymethodinvestments": -16067000,
        "incometaxexpensebenefit": -50522000,
        "incomelossfromequitymethodinvestments": 2400000,
        "earningspersharebasic": 1.49,
        "earningspersharediluted": 1.49,
        "weightedaveragenumberofsharesoutstandingbasic": 103339000,
        "weightedaveragenumberofdilutedsharesoutstanding": 103733000
    },
    {
        "date": "2016-06-29",
        "symbol": "FSLR",
        "period": "Q2",
        "netincomeloss": 13408000,
        "othercomprehensiveincomelossforeigncurrencytransactionandtranslationadjustmentnetoftax": -2325000,
        "othercomprehensiveincomelossavailableforsalesecuritiesadjustmentnetoftax": 29630000,
        "othercomprehensiveincomederivativesqualifyingashedgesnetoftaxportionattributabletoparent": 2240000,
        "othercomprehensiveincomelossnetoftaxportionattributabletoparent": 29545000,
        "comprehensiveincomenetoftax": 42953000,
        "salesrevenuenet": 484976000,
        "costofgoodssold": 743216000,
        "grossprofit": 83019000,
        "researchanddevelopmentexpense": 32931000,
        "sellinggeneralandadministrativeexpense": 63776000,
        "productionstartupexpense": 55000,
        "restructuringcharges": 84600000,
        "operatingexpenses": 182294000,
        "operatingincomeloss": 8871000,
        "foreigncurrencytransactiongainlossbeforetax": -2723000,
        "investmentincomeinterest": 6529000,
        "interestexpense": 7151000,
        "othernonoperatingincomeexpense": 6753000,
        "incomelossfromcontinuingoperationsbeforeincometaxesminorityinterestandincomelossfromequitymethodinvestments": 18845000,
        "incometaxexpensebenefit": 9047000,
        "incomelossfromequitymethodinvestments": -1000000,
        "earningspersharebasic": 0.13,
        "earningspersharediluted": 0.13,
        "weightedaveragenumberofsharesoutstandingbasic": 102287000,
        "weightedaveragenumberofdilutedsharesoutstanding": 103875000
    },
    {
        "date": "2016-03-30",
        "symbol": "FSLR",
        "period": "Q1",
        "netincomeloss": 34900000,
        "othercomprehensiveincomelossforeigncurrencytransactionandtranslationadjustmentnetoftax": 5542000,
        "othercomprehensiveincomelossavailableforsalesecuritiesadjustmentnetoftax": 5966000,
        "othercomprehensiveincomederivativesqualifyingashedgesnetoftaxportionattributabletoparent": 106000,
        "othercomprehensiveincomelossnetoftaxportionattributabletoparent": 5542000,
        "comprehensiveincomenetoftax": 182179000,
        "salesrevenuenet": 557980000,
        "costofgoodssold": 585539000,
        "grossprofit": 179964000,
        "researchanddevelopmentexpense": 30187000,
        "sellinggeneralandadministrativeexpense": 67503000,
        "operatingexpenses": 97690000,
        "operatingincomeloss": 165255000,
        "foreigncurrencytransactiongainlossbeforetax": 7162000,
        "investmentincomeinterest": 6406000,
        "interestexpense": -98000,
        "othernonoperatingincomeexpense": 37804000,
        "incomelossfromcontinuingoperationsbeforeincometaxesminorityinterestandincomelossfromequitymethodinvestments": 118152000,
        "incometaxexpensebenefit": -2904000,
        "incomelossfromequitymethodinvestments": 4997000,
        "earningspersharebasic": 1.67,
        "earningspersharediluted": 1.66,
        "weightedaveragenumberofsharesoutstandingbasic": 101853000,
        "weightedaveragenumberofdilutedsharesoutstanding": 102745000
    },
    {
        "date": "2015-09-29",
        "symbol": "FSLR",
        "period": "Q3",
        "netincomeloss": 349318000,
        "othercomprehensiveincomelossforeigncurrencytransactionandtranslationadjustmentnetoftax": -1103000,
        "othercomprehensiveincomelossavailableforsalesecuritiesadjustmentnetoftax": 17944000,
        "othercomprehensiveincomederivativesqualifyingashedgesnetoftaxportionattributabletoparent": -1338000,
        "othercomprehensiveincomelossnetoftaxportionattributabletoparent": 15503000,
        "comprehensiveincomenetoftax": 364821000,
        "salesrevenuenet": 829715000,
        "costofgoodssold": 786880000,
        "grossprofit": 318368000,
        "researchanddevelopmentexpense": 29630000,
        "sellinggeneralandadministrativeexpense": 53716000,
        "productionstartupexpense": 3198000,
        "operatingexpenses": 86544000,
        "operatingincomeloss": 397821000,
        "foreigncurrencytransactiongainlossbeforetax": -1803000,
        "investmentincomeinterest": 5322000,
        "interestexpense": 1775000,
        "othernonoperatingincomeexpense": -1678000,
        "incomelossfromcontinuingoperationsbeforeincometaxesminorityinterestandincomelossfromequitymethodinvestments": 260009000,
        "incometaxexpensebenefit": 48454000,
        "incomelossfromequitymethodinvestments": -500000,
        "earningspersharebasic": 3.46,
        "earningspersharediluted": 3.41,
        "weightedaveragenumberofsharesoutstandingbasic": 100906000,
        "weightedaveragenumberofdilutedsharesoutstanding": 102299000
    },
    {
        "date": "2015-06-29",
        "symbol": "FSLR",
        "period": "Q2",
        "netincomeloss": 94490000,
        "othercomprehensiveincomelossforeigncurrencytransactionandtranslationadjustmentnetoftax": 2495000,
        "othercomprehensiveincomelossavailableforsalesecuritiesadjustmentnetoftax": -60640000,
        "othercomprehensiveincomederivativesqualifyingashedgesnetoftaxportionattributabletoparent": -341000,
        "othercomprehensiveincomelossnetoftaxportionattributabletoparent": -58486000,
        "comprehensiveincomenetoftax": 36004000,
        "salesrevenuenet": 574773000,
        "costofgoodssold": 731734000,
        "grossprofit": 106647000,
        "researchanddevelopmentexpense": 29479000,
        "sellinggeneralandadministrativeexpense": 70901000,
        "productionstartupexpense": 6970000,
        "operatingexpenses": 107350000,
        "operatingincomeloss": 57133000,
        "foreigncurrencytransactiongainlossbeforetax": -2352000,
        "investmentincomeinterest": 6058000,
        "interestexpense": 826000,
        "othernonoperatingincomeexpense": -792000,
        "incomelossfromcontinuingoperationsbeforeincometaxesminorityinterestandincomelossfromequitymethodinvestments": 51560000,
        "incometaxexpensebenefit": -33340000,
        "incomelossfromequitymethodinvestments": 1700000,
        "earningspersharebasic": 0.94,
        "earningspersharediluted": 0.93,
        "weightedaveragenumberofsharesoutstandingbasic": 100852000,
        "weightedaveragenumberofdilutedsharesoutstanding": 101607000
    },
    {
        "date": "2015-03-30",
        "symbol": "FSLR",
        "period": "Q1",
        "netincomeloss": -5489000,
        "othercomprehensiveincomelossforeigncurrencytransactionandtranslationadjustmentnetoftax": -15393000,
        "othercomprehensiveincomelossavailableforsalesecuritiesadjustmentnetoftax": 38287000,
        "othercomprehensiveincomederivativesqualifyingashedgesnetoftaxportionattributabletoparent": -1560000,
        "othercomprehensiveincomelossnetoftaxportionattributabletoparent": -15393000,
        "comprehensiveincomenetoftax": -40958000,
        "salesrevenuenet": 243592000,
        "costofgoodssold": -3213000,
        "grossprofit": 19592000,
        "researchanddevelopmentexpense": 34756000,
        "sellinggeneralandadministrativeexpense": 67688000,
        "productionstartupexpense": 6650000,
        "operatingexpenses": 109094000,
        "operatingincomeloss": -70113000,
        "foreigncurrencytransactiongainlossbeforetax": -3346000,
        "investmentincomeinterest": 5064000,
        "interestexpense": -112000,
        "othernonoperatingincomeexpense": -1259000,
        "incomelossfromcontinuingoperationsbeforeincometaxesminorityinterestandincomelossfromequitymethodinvestments": -38666000,
        "incometaxexpensebenefit": 830000,
        "incomelossfromequitymethodinvestments": 500000,
        "earningspersharebasic": -0.62,
        "earningspersharediluted": -0.62,
        "weightedaveragenumberofsharesoutstandingbasic": 100375000,
        "weightedaveragenumberofdilutedsharesoutstanding": 100375000
    },
    {
        "date": "2014-09-29",
        "symbol": "FSLR",
        "period": "Q3",
        "netincomeloss": -2001000,
        "othercomprehensiveincomeforeigncurrencytransactionandtranslationadjustmentnetoftaxportionattributabletoparent": -9887000,
        "othercomprehensiveincomeavailableforsalesecuritiesadjustmentnetoftaxportionattributabletoparent": 19847000,
        "othercomprehensiveincomederivativesqualifyingashedgesnetoftaxportionattributabletoparent": 5798000,
        "othercomprehensiveincomelossnetoftaxportionattributabletoparent": 15758000,
        "comprehensiveincomenetoftax": 104182000,
        "salesrevenuenet": 289327000,
        "costofgoodssold": 700023000,
        "grossprofit": 26399000,
        "researchanddevelopmentexpense": 37593000,
        "sellinggeneralandadministrativeexpense": 66528000,
        "productionstartupexpense": 1406000,
        "operatingexpenses": 105527000,
        "operatingincomeloss": 83760000,
        "foreigncurrencytransactiongainlossbeforetax": -1868000,
        "investmentincomeinterest": 4297000,
        "interestexpense": -133000,
        "othernonoperatingincomeexpense": -6821000,
        "incomelossfromcontinuingoperationsbeforeincometaxesminorityinterestandincomelossfromequitymethodinvestments": 104222000,
        "incometaxexpensebenefit": -7108000,
        "earningspersharebasic": 0.88,
        "earningspersharediluted": 0.87,
        "weightedaveragenumberofsharesoutstandingbasic": 100197000,
        "weightedaveragenumberofdilutedsharesoutstanding": 101415000
    },
    {
        "date": "2014-06-29",
        "symbol": "FSLR",
        "period": "Q2",
        "netincomeloss": 4528000,
        "othercomprehensiveincomeforeigncurrencytransactionandtranslationadjustmentnetoftaxportionattributabletoparent": -1721000,
        "othercomprehensiveincomeavailableforsalesecuritiesadjustmentnetoftaxportionattributabletoparent": 18445000,
        "othercomprehensiveincomederivativesqualifyingashedgesnetoftaxportionattributabletoparent": -1410000,
        "othercomprehensiveincomelossnetoftaxportionattributabletoparent": 15314000,
        "comprehensiveincomenetoftax": 19842000,
        "salesrevenuenet": 194061000,
        "costofgoodssold": 451628000,
        "grossprofit": 686000,
        "researchanddevelopmentexpense": 32659000,
        "sellinggeneralandadministrativeexpense": 57667000,
        "productionstartupexpense": 491000,
        "operatingexpenses": 90817000,
        "operatingincomeloss": 1908000,
        "foreigncurrencytransactiongainlossbeforetax": 21000,
        "investmentincomeinterest": 4533000,
        "interestexpense": 930000,
        "othernonoperatingincomeexpense": -3170000,
        "incomelossfromcontinuingoperationsbeforeincometaxesminorityinterestandincomelossfromequitymethodinvestments": 46921000,
        "incometaxexpensebenefit": -2166000,
        "earningspersharebasic": 0.05,
        "earningspersharediluted": 0.04,
        "weightedaveragenumberofsharesoutstandingbasic": 100148000,
        "weightedaveragenumberofdilutedsharesoutstanding": 101814000
    },
    {
        "date": "2014-03-30",
        "symbol": "FSLR",
        "period": "Q1",
        "netincomeloss": 112007000,
        "othercomprehensiveincomeforeigncurrencytransactionandtranslationadjustmentnetoftaxportionattributabletoparent": 60000,
        "othercomprehensiveincomeavailableforsalesecuritiesadjustmentnetoftaxportionattributabletoparent": 20176000,
        "othercomprehensiveincomederivativesqualifyingashedgesnetoftaxportionattributabletoparent": -2345000,
        "othercomprehensiveincomelossnetoftaxportionattributabletoparent": 17891000,
        "comprehensiveincomenetoftax": 129898000,
        "salesrevenuenet": 41001000,
        "costofgoodssold": 713447000,
        "grossprofit": 211623000,
        "researchanddevelopmentexpense": 38773000,
        "sellinggeneralandadministrativeexpense": 58664000,
        "operatingexpenses": 97437000,
        "operatingincomeloss": 139274000,
        "foreigncurrencytransactiongainlossbeforetax": -579000,
        "investmentincomeinterest": 4321000,
        "interestexpense": 410000,
        "othernonoperatingincomeexpense": -1746000,
        "incomelossfromcontinuingoperationsbeforeincometaxesminorityinterestandincomelossfromequitymethodinvestments": 170286000,
        "incometaxexpensebenefit": 28853000,
        "earningspersharebasic": 1.12,
        "earningspersharediluted": 1.1,
        "weightedaveragenumberofsharesoutstandingbasic": 99591000,
        "weightedaveragenumberofdilutedsharesoutstanding": 101822000
    },
    {
        "date": "2013-09-29",
        "symbol": "FSLR",
        "period": "Q3",
        "netincomeloss": 195038000,
        "othercomprehensiveincomeforeigncurrencytransactionandtranslationadjustmentnetoftaxportionattributabletoparent": 2781000,
        "othercomprehensiveincomeavailableforsalesecuritiesadjustmentnetoftaxportionattributabletoparent": -6314000,
        "othercomprehensiveincomederivativesqualifyingashedgesnetoftaxportionattributabletoparent": -2134000,
        "othercomprehensiveincomelossnetoftaxportionattributabletoparent": -5667000,
        "comprehensiveincomenetoftax": 189371000,
        "salesrevenuenet": 655676000,
        "costofgoodssold": 901553000,
        "grossprofit": 576908000,
        "researchanddevelopmentexpense": 34984000,
        "sellinggeneralandadministrativeexpense": 63870000,
        "productionstartupexpense": 0,
        "restructuringcharges": 883000,
        "operatingexpenses": 156130000,
        "operatingincomeloss": 207904000,
        "foreigncurrencytransactiongainlossbeforetax": -705000,
        "investmentincomeinterest": 4197000,
        "interestexpense": 275000,
        "othernonoperatingincomeexpense": -2433000,
        "incomelossfromcontinuingoperationsbeforeincometaxesminorityinterestandincomelossfromequitymethodinvestments": 404723000,
        "incometaxexpensebenefit": 13650000,
        "earningspersharebasic": 2.08,
        "earningspersharediluted": 2.05,
        "weightedaveragenumberofsharesoutstandingbasic": -84656000,
        "weightedaveragenumberofdilutedsharesoutstanding": -87002000
    },
    {
        "date": "2013-06-29",
        "symbol": "FSLR",
        "period": "Q2",
        "netincomeloss": 33598000,
        "othercomprehensiveincomeforeigncurrencytransactionandtranslationadjustmentnetoftaxportionattributabletoparent": 1500000,
        "othercomprehensiveincomeavailableforsalesecuritiesadjustmentnetoftaxportionattributabletoparent": -17029000,
        "othercomprehensiveincomederivativesqualifyingashedgesnetoftaxportionattributabletoparent": 2909000,
        "othercomprehensiveincomelossnetoftaxportionattributabletoparent": -12620000,
        "comprehensiveincomenetoftax": 20978000,
        "salesrevenuenet": 81304000,
        "costofgoodssold": 379662000,
        "grossprofit": -8193000,
        "researchanddevelopmentexpense": 30964000,
        "sellinggeneralandadministrativeexpense": 66265000,
        "productionstartupexpense": 1392000,
        "restructuringcharges": 2170000,
        "operatingexpenses": 101002000,
        "operatingincomeloss": 39096000,
        "foreigncurrencytransactiongainlossbeforetax": -1068000,
        "investmentincomeinterest": 3405000,
        "interestexpense": 875000,
        "othernonoperatingincomeexpense": 504000,
        "incomelossfromcontinuingoperationsbeforeincometaxesminorityinterestandincomelossfromequitymethodinvestments": -67348000,
        "incometaxexpensebenefit": 7464000,
        "earningspersharebasic": 0.38,
        "earningspersharediluted": 0.37,
        "weightedaveragenumberofsharesoutstandingbasic": 89201000,
        "weightedaveragenumberofdilutedsharesoutstanding": 91142000
    },
    {
        "date": "2013-03-30",
        "symbol": "FSLR",
        "period": "Q1",
        "netincomeloss": 59142000,
        "othercomprehensiveincomeforeigncurrencytransactionandtranslationadjustmentnetoftaxportionattributabletoparent": -3077000,
        "othercomprehensiveincomeavailableforsalesecuritiesadjustmentnetoftaxportionattributabletoparent": -10341000,
        "othercomprehensiveincomederivativesqualifyingashedgesnetoftaxportionattributabletoparent": -5846000,
        "othercomprehensiveincomelossnetoftaxportionattributabletoparent": -19264000,
        "comprehensiveincomenetoftax": 39878000,
        "salesrevenuenet": 193250000,
        "costofgoodssold": 585879000,
        "grossprofit": 11609000,
        "researchanddevelopmentexpense": 29931000,
        "sellinggeneralandadministrativeexpense": 74465000,
        "productionstartupexpense": 1376000,
        "restructuringcharges": 2347000,
        "operatingexpenses": 108119000,
        "operatingincomeloss": 61207000,
        "foreigncurrencytransactiongainlossbeforetax": 1618000,
        "investmentincomeinterest": 4947000,
        "interestexpense": 750000,
        "othernonoperatingincomeexpense": -833000,
        "incomelossfromcontinuingoperationsbeforeincometaxesminorityinterestandincomelossfromequitymethodinvestments": 115727000,
        "incometaxexpensebenefit": 7047000,
        "earningspersharebasic": 0.68,
        "earningspersharediluted": 0.66,
        "weightedaveragenumberofsharesoutstandingbasic": 87206000,
        "weightedaveragenumberofdilutedsharesoutstanding": 89377000
    },
    {
        "date": "2012-09-29",
        "symbol": "FSLR",
        "period": "Q3",
        "netincomeloss": 87917000,
        "othercomprehensiveincomeforeigncurrencytransactionandtranslationadjustmentnetoftaxportionattributabletoparent": 2600000,
        "othercomprehensiveincomeavailableforsalesecuritiesadjustmentnetoftaxportionattributabletoparent": 11009000,
        "othercomprehensiveincomederivativesqualifyingashedgesnetoftaxportionattributabletoparent": -9879000,
        "othercomprehensiveincomelossnetoftaxportionattributabletoparent": 3730000,
        "comprehensiveincomenetoftax": 91647000,
        "salesrevenuenet": 779444000,
        "costofgoodssold": 600431000,
        "grossprofit": 22547000,
        "researchanddevelopmentexpense": 32372000,
        "sellinggeneralandadministrativeexpense": 73507000,
        "productionstartupexpense": 1595000,
        "restructuringcharges": 24197000,
        "operatingexpenses": 131671000,
        "operatingincomeloss": 107045000,
        "foreigncurrencytransactiongainlossbeforetax": 3000,
        "investmentincomeinterest": 3405000,
        "interestexpense": 2902000,
        "othernonoperatingincomeexpense": 3210000,
        "incomelossfromcontinuingoperationsbeforeincometaxesminorityinterestandincomelossfromequitymethodinvestments": 173710000,
        "incometaxexpensebenefit": 22844000,
        "earningspersharebasic": 1.01,
        "earningspersharediluted": 1,
        "weightedaveragenumberofsharesoutstandingbasic": 86992000,
        "weightedaveragenumberofdilutedsharesoutstanding": 87765000
    },
    {
        "date": "2012-06-29",
        "symbol": "FSLR",
        "period": "Q2",
        "netincomeloss": 110983000,
        "othercomprehensiveincomeforeigncurrencytransactionandtranslationadjustmentnetoftaxportionattributabletoparent": -9795000,
        "othercomprehensiveincomeavailableforsalesecuritiesadjustmentnetoftaxportionattributabletoparent": 12626000,
        "othercomprehensiveincomederivativesqualifyingashedgesnetoftaxportionattributabletoparent": 2585000,
        "othercomprehensiveincomelossnetoftaxportionattributabletoparent": 5416000,
        "comprehensiveincomenetoftax": 116399000,
        "salesrevenuenet": 54598000,
        "costofgoodssold": 713591000,
        "grossprofit": 254093000,
        "researchanddevelopmentexpense": 32365000,
        "sellinggeneralandadministrativeexpense": 52184000,
        "productionstartupexpense": 533000,
        "restructuringcharges": 19000000,
        "operatingexpenses": 104082000,
        "operatingincomeloss": 139659000,
        "foreigncurrencytransactiongainlossbeforetax": 1015000,
        "investmentincomeinterest": 3379000,
        "interestexpense": 7372000,
        "othernonoperatingincomeexpense": -1334000,
        "incomelossfromcontinuingoperationsbeforeincometaxesminorityinterestandincomelossfromequitymethodinvestments": -92917000,
        "incometaxexpensebenefit": 24364000,
        "earningspersharebasic": 1.28,
        "earningspersharediluted": 1.27,
        "weightedaveragenumberofsharesoutstandingbasic": 86855000,
        "weightedaveragenumberofdilutedsharesoutstanding": 87653000
    },
    {
        "date": "2012-03-30",
        "symbol": "FSLR",
        "period": "Q1",
        "netincomeloss": -449416000,
        "othercomprehensiveincomeforeigncurrencytransactionandtranslationadjustmentnetoftaxportionattributabletoparent": 13509000,
        "othercomprehensiveincomeavailableforsalesecuritiesadjustmentnetoftaxportionattributabletoparent": -4064000,
        "othercomprehensiveincomederivativesqualifyingashedgesnetoftaxportionattributabletoparent": -15300000,
        "othercomprehensiveincomelossnetoftaxportionattributabletoparent": -5855000,
        "comprehensiveincomenetoftax": -455271000,
        "salesrevenuenet": 232753000,
        "costofgoodssold": 420310000,
        "grossprofit": 34581000,
        "researchanddevelopmentexpense": 36084000,
        "sellinggeneralandadministrativeexpense": 91820000,
        "productionstartupexpense": 4058000,
        "restructuringcharges": 129500000,
        "operatingexpenses": 533027000,
        "operatingincomeloss": -456282000,
        "foreigncurrencytransactiongainlossbeforetax": -984000,
        "investmentincomeinterest": 2911000,
        "interestexpense": 920000,
        "othernonoperatingincomeexpense": -1211000,
        "incomelossfromcontinuingoperationsbeforeincometaxesminorityinterestandincomelossfromequitymethodinvestments": -456486000,
        "incometaxexpensebenefit": -7070000,
        "earningspersharebasic": -5.2,
        "earningspersharediluted": -5.2,
        "weightedaveragenumberofsharesoutstandingbasic": 86507000,
        "weightedaveragenumberofdilutedsharesoutstanding": 86507000
    },
    {
        "date": "2011-09-29",
        "symbol": "FSLR",
        "period": "Q3",
        "salesrevenuenet": 351728000,
        "costofgoodssold": 626624000,
        "grossprofit": 253680000,
        "researchanddevelopmentexpense": 38164000,
        "sellinggeneralandadministrativeexpense": 112743000,
        "productionstartupexpense": 5514000,
        "operatingexpenses": 156421000,
        "operatingincomeloss": 222743000,
        "foreigncurrencytransactiongainlossbeforetax": -1857000,
        "investmentincomeinterest": 3225000,
        "othernonoperatingincomeexpense": -1346000,
        "incomelossfromcontinuingoperationsbeforeincometaxesminorityinterestandincomelossfromequitymethodinvestments": 222765000,
        "incometaxexpensebenefit": 26251000,
        "netincomeloss": 196514000,
        "earningspersharebasic": 2.28,
        "earningspersharediluted": 2.25,
        "weightedaveragenumberofsharesoutstandingbasic": 86338000,
        "weightedaveragenumberofdilutedsharesoutstanding": 87151000
    },
    {
        "date": "2011-06-29",
        "symbol": "FSLR",
        "period": "Q2",
        "salesrevenuenet": 427350000,
        "costofgoodssold": 337976000,
        "grossprofit": 189875000,
        "researchanddevelopmentexpense": 33102000,
        "sellinggeneralandadministrativeexpense": 86872000,
        "productionstartupexpense": 10294000,
        "operatingexpenses": 130268000,
        "operatingincomeloss": 64530000,
        "foreigncurrencytransactiongainlossbeforetax": 1659000,
        "investmentincomeinterest": 3417000,
        "othernonoperatingincomeexpense": 2351000,
        "incomelossfromcontinuingoperationsbeforeincometaxesminorityinterestandincomelossfromequitymethodinvestments": 71957000,
        "incometaxexpensebenefit": 10819000,
        "netincomeloss": 61138000,
        "earningspersharebasic": 0.71,
        "earningspersharediluted": 0.7,
        "weightedaveragenumberofsharesoutstandingbasic": 86164000,
        "weightedaveragenumberofdilutedsharesoutstanding": 87126000
    },
    {
        "date": "2011-03-30",
        "symbol": "FSLR",
        "period": "Q1",
        "salesrevenuenet": 505742000,
        "costofgoodssold": 307628000,
        "grossprofit": 1407000,
        "researchanddevelopmentexpense": 31351000,
        "sellinggeneralandadministrativeexpense": 87000000,
        "productionstartupexpense": 11931000,
        "operatingexpenses": 130282000,
        "operatingincomeloss": 129383000,
        "foreigncurrencytransactiongainlossbeforetax": 950000,
        "investmentincomeinterest": 3023000,
        "othernonoperatingincomeexpense": -349000,
        "incomelossfromcontinuingoperationsbeforeincometaxesminorityinterestandincomelossfromequitymethodinvestments": 133007000,
        "incometaxexpensebenefit": 17039000,
        "netincomeloss": 115968000,
        "earningspersharebasic": 1.36,
        "earningspersharediluted": 1.33,
        "weightedaveragenumberofsharesoutstandingbasic": 85324000,
        "weightedaveragenumberofdilutedsharesoutstanding": 87053000
    },
    {
        "date": "2010-09-24",
        "symbol": "FSLR",
        "period": "Q3",
        "salesrevenuegoodsnet": -331745000,
        "costofgoodssold": 476007000,
        "grossprofit": 517542000,
        "researchanddevelopmentexpense": 21472000,
        "sellinggeneralandadministrativeexpense": 84961000,
        "productionstartupexpense": 3821000,
        "operatingexpenses": 110254000,
        "operatingincomeloss": 211638000,
        "foreigncurrencytransactiongainlossbeforetax": -1001000,
        "investmentincomeinterest": 2658000,
        "othernonoperatingincomeexpense": -380000,
        "incomelossfromcontinuingoperationsbeforeincometaxesminorityinterestandincomelossfromequitymethodinvestments": 212915000,
        "incometaxexpensebenefit": 36046000,
        "netincomeloss": 176869000,
        "earningspersharebasic": 2.08,
        "earningspersharediluted": 2.04,
        "weightedaveragenumberofsharesoutstandingbasic": -84547000,
        "weightedaveragenumberofdilutedsharesoutstanding": -86125000
    },
    {
        "date": "2010-06-25",
        "symbol": "FSLR",
        "period": "Q2",
        "salesrevenuegoodsnet": 111793000,
        "costofgoodssold": 303660000,
        "grossprofit": 22538000,
        "researchanddevelopmentexpense": 22836000,
        "sellinggeneralandadministrativeexpense": 78597000,
        "productionstartupexpense": 2288000,
        "operatingexpenses": 103721000,
        "operatingincomeloss": 180473000,
        "foreigncurrencytransactiongainlossbeforetax": -2625000,
        "investmentincomeinterest": 3035000,
        "interestexpense": 6000,
        "othernonoperatingincomeexpense": -439000,
        "incomelossfromcontinuingoperationsbeforeincometaxesminorityinterestandincomelossfromequitymethodinvestments": 180438000,
        "incometaxexpensebenefit": 21395000,
        "netincomeloss": 159043000,
        "earningspersharebasic": 1.87,
        "earningspersharediluted": 1.84,
        "weightedaveragenumberofsharesoutstandingbasic": 84852000,
        "weightedaveragenumberofdilutedsharesoutstanding": 86401000
    },
    {
        "date": "2010-03-26",
        "symbol": "FSLR",
        "period": "Q1",
        "salesrevenuegoodsnet": 567961000,
        "costofgoodssold": 285925000,
        "grossprofit": 282036000,
        "researchanddevelopmentexpense": 22888000,
        "sellinggeneralandadministrativeexpense": 66864000,
        "productionstartupexpense": 1143000,
        "operatingexpenses": 90895000,
        "operatingincomeloss": 191141000,
        "foreigncurrencytransactiongainlossbeforetax": -696000,
        "investmentincomeinterest": 5648000,
        "othernonoperatingincomeexpense": -734000,
        "incomelossfromcontinuingoperationsbeforeincometaxesminorityinterestandincomelossfromequitymethodinvestments": 195359000,
        "incometaxexpensebenefit": 23014000,
        "netincomeloss": 172345000,
        "earningspersharebasic": 2.04,
        "earningspersharediluted": 2,
        "weightedaveragenumberofsharesoutstandingbasic": 84505000,
        "weightedaveragenumberofdilutedsharesoutstanding": 86092000
    }
]