[
    {
        "date": "2024-09-29",
        "symbol": "KMB",
        "period": "Q3",
        "revenues": 4952000000,
        "costofgoodsandservicessold": 3168000000,
        "grossprofit": 1784000000,
        "marketingresearchandgeneralexpenses": 1097000000,
        "impairmentofintangibleassetsexcludinggoodwill": 97000000,
        "otheroperatingincomeexpensenet": 564000000,
        "operatingincomeloss": 1154000000,
        "othernonoperatingincomeexpense": -15000000,
        "investmentincomeinterest": 18000000,
        "interestexpense": 67000000,
        "incomelossincludingportionattributabletononcontrollinginterest": 1090000000,
        "incometaxexpensebenefit": 18000000,
        "incomebeforeequityinterest": 867000000,
        "incomelossfromequitymethodinvestments": 48000000,
        "profitloss": 907000000,
        "netincomelossattributabletononcontrollinginterest": 8000000,
        "netincomeloss": 907000000,
        "earningspersharebasic": 2.7,
        "earningspersharediluted": 2.69,
        "othercomprehensiveincomelossforeigncurrencytransactionandtranslationadjustmentnetoftax": 149000000,
        "othercomprehensiveincomelosspensionandotherpostretirementbenefitplansadjustmentnetoftax": 9000000,
        "othercomprehensiveincomeothernetoftax": -62000000,
        "othercomprehensiveincomelossnetoftax": -6000000,
        "comprehensiveincomenetoftaxincludingportionattributabletononcontrollinginterest": 993000000,
        "comprehensiveincomenetoftaxattributabletononcontrollinginterest": 14000000,
        "comprehensiveincomenetoftax": 979000000
    },
    {
        "date": "2024-06-29",
        "symbol": "KMB",
        "period": "Q2",
        "revenues": 5029000000,
        "costofgoodsandservicessold": 3219000000,
        "grossprofit": 1810000000,
        "marketingresearchandgeneralexpenses": 1066000000,
        "otheroperatingincomeexpensenet": -89000000,
        "operatingincomeloss": 655000000,
        "othernonoperatingincomeexpense": -15000000,
        "investmentincomeinterest": 9000000,
        "interestexpense": 72000000,
        "incomelossincludingportionattributabletononcontrollinginterest": 577000000,
        "incometaxexpensebenefit": 87000000,
        "incomebeforeequityinterest": 490000000,
        "incomelossfromequitymethodinvestments": 63000000,
        "profitloss": 553000000,
        "netincomelossattributabletononcontrollinginterest": 9000000,
        "netincomeloss": 544000000,
        "earningspersharebasic": 1.61,
        "earningspersharediluted": 1.61,
        "othercomprehensiveincomelossforeigncurrencytransactionandtranslationadjustmentnetoftax": -48000000,
        "othercomprehensiveincomelosspensionandotherpostretirementbenefitplansadjustmentnetoftax": -10000000,
        "othercomprehensiveincomeothernetoftax": 57000000,
        "othercomprehensiveincomelossnetoftax": 19000000,
        "comprehensiveincomenetoftaxincludingportionattributabletononcontrollinginterest": 572000000,
        "comprehensiveincomenetoftaxattributabletononcontrollinginterest": 6000000,
        "comprehensiveincomenetoftax": 566000000
    },
    {
        "date": "2024-03-30",
        "symbol": "KMB",
        "period": "Q1",
        "revenues": 5149000000,
        "costofgoodsandservicessold": 3238000000,
        "grossprofit": 1911000000,
        "marketingresearchandgeneralexpenses": 1039000000,
        "otheroperatingincomeexpensenet": -19000000,
        "operatingincomeloss": 853000000,
        "othernonoperatingincomeexpense": -15000000,
        "investmentincomeinterest": 10000000,
        "interestexpense": 67000000,
        "incomelossincludingportionattributabletononcontrollinginterest": 781000000,
        "incometaxexpensebenefit": 184000000,
        "incomebeforeequityinterest": 597000000,
        "incomelossfromequitymethodinvestments": 61000000,
        "profitloss": 658000000,
        "netincomelossattributabletononcontrollinginterest": 11000000,
        "netincomeloss": 647000000,
        "earningspersharebasic": 1.92,
        "earningspersharediluted": 1.91,
        "othercomprehensiveincomelossforeigncurrencytransactionandtranslationadjustmentnetoftax": -149000000,
        "othercomprehensiveincomelosspensionandotherpostretirementbenefitplansadjustmentnetoftax": -11000000,
        "othercomprehensiveincomeothernetoftax": 63000000,
        "othercomprehensiveincomelossnetoftax": -75000000,
        "comprehensiveincomenetoftaxincludingportionattributabletononcontrollinginterest": 583000000,
        "comprehensiveincomenetoftaxattributabletononcontrollinginterest": 8000000,
        "comprehensiveincomenetoftax": 575000000
    },
    {
        "date": "2023-12-30",
        "symbol": "KMB",
        "period": "Q4",
        "revenues": 4970000000,
        "costofgoodsandservicessold": 3233000000,
        "grossprofit": 1737000000,
        "marketingresearchandgeneralexpenses": 993000000,
        "otheroperatingincomeexpensenet": -74000000,
        "operatingincomeloss": 670000000,
        "investmentincomeinterest": 32000000,
        "interestexpense": 70000000,
        "incomelossincludingportionattributabletononcontrollinginterest": 614000000,
        "incometaxexpensebenefit": 155000000,
        "incomelossfromequitymethodinvestments": 53000000,
        "profitloss": 512000000,
        "netincomelossattributabletononcontrollinginterest": 40000000,
        "netincomeloss": 509000000,
        "earningspersharebasic": 1.5099999999999996,
        "earningspersharediluted": 1.5099999999999998,
        "othercomprehensiveincomelossforeigncurrencytransactionandtranslationadjustmentnetoftax": 192000000,
        "othercomprehensiveincomelosspensionandotherpostretirementbenefitplansadjustmentnetoftax": 32000000,
        "othercomprehensiveincomelossnetoftax": 92000000,
        "comprehensiveincomenetoftaxincludingportionattributabletononcontrollinginterest": 604000000,
        "comprehensiveincomenetoftaxattributabletononcontrollinginterest": 7000000,
        "comprehensiveincomenetoftax": 597000000
    },
    {
        "date": "2023-09-29",
        "symbol": "KMB",
        "period": "Q3",
        "revenues": 13561000000,
        "costofgoodsandservicessold": 3294000000,
        "grossprofit": 1838000000,
        "marketingresearchandgeneralexpenses": 1029000000,
        "otheroperatingincomeexpensenet": -35000000,
        "operatingincomeloss": 2559000000,
        "othernonoperatingincomeexpense": -20000000,
        "investmentincomeinterest": 18000000,
        "interestexpense": 74000000,
        "incomelossincludingportionattributabletononcontrollinginterest": 698000000,
        "incometaxexpensebenefit": 157000000,
        "incomebeforeequityinterest": 541000000,
        "incomelossfromequitymethodinvestments": 50000000,
        "profitloss": 584000000,
        "netincomelossattributabletononcontrollinginterest": 4000000,
        "netincomeloss": 587000000,
        "earningspersharebasic": 1.7300000000000002,
        "earningspersharediluted": 1.7300000000000004,
        "othercomprehensiveincomelossforeigncurrencytransactionandtranslationadjustmentnetoftax": -146000000,
        "othercomprehensiveincomelosspensionandotherpostretirementbenefitplansadjustmentnetoftax": 6000000,
        "othercomprehensiveincomeothernetoftax": 111000000,
        "othercomprehensiveincomelossnetoftax": 69000000,
        "comprehensiveincomenetoftaxincludingportionattributabletononcontrollinginterest": 559000000,
        "comprehensiveincomenetoftaxattributabletononcontrollinginterest": 4000000,
        "comprehensiveincomenetoftax": 555000000
    },
    {
        "date": "2023-06-29",
        "symbol": "KMB",
        "period": "Q2",
        "revenues": 900000000,
        "costofgoodsandservicessold": 3403000000,
        "grossprofit": 1731000000,
        "marketingresearchandgeneralexpenses": 1015000000,
        "impairmentofintangibleassetsexcludinggoodwill": 658000000,
        "otheroperatingincomeexpensenet": 55000000,
        "operatingincomeloss": -801000000,
        "othernonoperatingincomeexpense": -42000000,
        "investmentincomeinterest": 9000000,
        "interestexpense": 76000000,
        "incomelossincludingportionattributabletononcontrollinginterest": 4000000,
        "incometaxexpensebenefit": -32000000,
        "incomebeforeequityinterest": 36000000,
        "incomelossfromequitymethodinvestments": 50000000,
        "profitloss": 102000000,
        "netincomelossattributabletononcontrollinginterest": -16000000,
        "netincomeloss": 102000000,
        "earningspersharebasic": 0.3,
        "earningspersharediluted": 0.3,
        "othercomprehensiveincomelossforeigncurrencytransactionandtranslationadjustmentnetoftax": -52000000,
        "othercomprehensiveincomelosspensionandotherpostretirementbenefitplansadjustmentnetoftax": -24000000,
        "othercomprehensiveincomeothernetoftax": 47000000,
        "othercomprehensiveincomelossnetoftax": 3000000,
        "comprehensiveincomenetoftaxincludingportionattributabletononcontrollinginterest": 105000000,
        "comprehensiveincomenetoftaxattributabletononcontrollinginterest": -20000000,
        "comprehensiveincomenetoftax": 125000000
    },
    {
        "date": "2023-03-30",
        "symbol": "KMB",
        "period": "Q1",
        "revenues": 1000000000,
        "costofgoodsandservicessold": 3469000000,
        "grossprofit": 1726000000,
        "marketingresearchandgeneralexpenses": 924000000,
        "otheroperatingincomeexpensenet": -15000000,
        "operatingincomeloss": -84000000,
        "othernonoperatingincomeexpense": -16000000,
        "investmentincomeinterest": 7000000,
        "interestexpense": 73000000,
        "incomelossincludingportionattributabletononcontrollinginterest": 705000000,
        "incometaxexpensebenefit": 173000000,
        "incomebeforeequityinterest": 532000000,
        "incomelossfromequitymethodinvestments": 43000000,
        "profitloss": 566000000,
        "netincomelossattributabletononcontrollinginterest": 9000000,
        "netincomeloss": 566000000,
        "earningspersharebasic": 1.68,
        "earningspersharediluted": 1.67,
        "othercomprehensiveincomelossforeigncurrencytransactionandtranslationadjustmentnetoftax": 95000000,
        "othercomprehensiveincomelosspensionandotherpostretirementbenefitplansadjustmentnetoftax": 1000000,
        "othercomprehensiveincomeothernetoftax": -78000000,
        "othercomprehensiveincomelossnetoftax": -78000000,
        "comprehensiveincomenetoftaxincludingportionattributabletononcontrollinginterest": 582000000,
        "comprehensiveincomenetoftaxattributabletononcontrollinginterest": 8000000,
        "comprehensiveincomenetoftax": 574000000
    },
    {
        "date": "2022-12-30",
        "symbol": "KMB",
        "period": "Q4",
        "revenues": -10000000,
        "costofgoodsandservicessold": 3337000000,
        "grossprofit": -3885000000,
        "marketingresearchandgeneralexpenses": 916000000,
        "otheroperatingincomeexpensenet": 1000000,
        "operatingincomeloss": -114000000,
        "investmentincomeinterest": 7000000,
        "interestexpense": 76000000,
        "incomelossincludingportionattributabletononcontrollinginterest": 619000000,
        "incometaxexpensebenefit": 139000000,
        "incomelossfromequitymethodinvestments": 35000000,
        "profitloss": 507000000,
        "netincomelossattributabletononcontrollinginterest": 19000000,
        "netincomeloss": -1187000000,
        "earningspersharebasic": 1.5000000000000007,
        "earningspersharediluted": 1.4999999999999998,
        "othercomprehensiveincomelossforeigncurrencytransactionandtranslationadjustmentnetoftax": 179000000,
        "othercomprehensiveincomelosspensionandotherpostretirementbenefitplansadjustmentnetoftax": -80000000,
        "othercomprehensiveincomelossnetoftax": -196000000,
        "comprehensiveincomenetoftaxincludingportionattributabletononcontrollinginterest": 493000000,
        "comprehensiveincomenetoftaxattributabletononcontrollinginterest": 16000000,
        "comprehensiveincomenetoftax": -1467000000
    },
    {
        "date": "2022-09-29",
        "symbol": "KMB",
        "period": "Q3",
        "revenues": 1000000000,
        "costofgoodsandservicessold": 3510000000,
        "grossprofit": 1543000000,
        "marketingresearchandgeneralexpenses": 873000000,
        "otheroperatingincomeexpensenet": -15000000,
        "operatingincomeloss": -90000000,
        "othernonoperatingincomeexpense": -18000000,
        "investmentincomeinterest": 4000000,
        "interestexpense": 73000000,
        "incomelossincludingportionattributabletononcontrollinginterest": 568000000,
        "incometaxexpensebenefit": 127000000,
        "incomebeforeequityinterest": 441000000,
        "incomelossfromequitymethodinvestments": 29000000,
        "profitloss": 467000000,
        "netincomelossattributabletononcontrollinginterest": 3000000,
        "netincomeloss": 467000000,
        "earningspersharebasic": 1.38,
        "earningspersharediluted": 1.38,
        "othercomprehensiveincomelossforeigncurrencytransactionandtranslationadjustmentnetoftax": -316000000,
        "othercomprehensiveincomelosspensionandotherpostretirementbenefitplansadjustmentnetoftax": -20000000,
        "othercomprehensiveincomeothernetoftax": 45000000,
        "othercomprehensiveincomelossnetoftax": 13000000,
        "comprehensiveincomenetoftaxincludingportionattributabletononcontrollinginterest": 219000000,
        "comprehensiveincomenetoftaxattributabletononcontrollinginterest": -9000000,
        "comprehensiveincomenetoftax": 228000000
    },
    {
        "date": "2022-06-29",
        "symbol": "KMB",
        "period": "Q2",
        "revenues": 900000000,
        "costofgoodsandservicessold": 3534000000,
        "grossprofit": 1529000000,
        "marketingresearchandgeneralexpenses": 906000000,
        "otheroperatingincomeexpensenet": -2000000,
        "operatingincomeloss": -106000000,
        "othernonoperatingincomeexpense": -27000000,
        "investmentincomeinterest": 1000000,
        "interestexpense": 68000000,
        "incomelossincludingportionattributabletononcontrollinginterest": 527000000,
        "incometaxexpensebenefit": 115000000,
        "incomebeforeequityinterest": 412000000,
        "incomelossfromequitymethodinvestments": 29000000,
        "profitloss": 437000000,
        "netincomelossattributabletononcontrollinginterest": 4000000,
        "netincomeloss": 437000000,
        "earningspersharebasic": 1.3,
        "earningspersharediluted": 1.29,
        "othercomprehensiveincomelossforeigncurrencytransactionandtranslationadjustmentnetoftax": -267000000,
        "othercomprehensiveincomelosspensionandotherpostretirementbenefitplansadjustmentnetoftax": -5000000,
        "othercomprehensiveincomeothernetoftax": 43000000,
        "othercomprehensiveincomelossnetoftax": 9000000,
        "comprehensiveincomenetoftaxincludingportionattributabletononcontrollinginterest": 222000000,
        "comprehensiveincomenetoftaxattributabletononcontrollinginterest": -6000000,
        "comprehensiveincomenetoftax": 228000000
    },
    {
        "date": "2022-03-30",
        "symbol": "KMB",
        "period": "Q1",
        "revenues": 800000000,
        "costofgoodsandservicessold": 3575000000,
        "grossprofit": 1520000000,
        "marketingresearchandgeneralexpenses": 886000000,
        "otheroperatingincomeexpensenet": 59000000,
        "operatingincomeloss": -102000000,
        "othernonoperatingincomeexpense": -4000000,
        "investmentincomeinterest": 2000000,
        "interestexpense": 65000000,
        "incomelossincludingportionattributabletononcontrollinginterest": 626000000,
        "incometaxexpensebenefit": 114000000,
        "incomebeforeequityinterest": 512000000,
        "incomelossfromequitymethodinvestments": 23000000,
        "profitloss": 523000000,
        "netincomelossattributabletononcontrollinginterest": 12000000,
        "netincomeloss": 523000000,
        "earningspersharebasic": 1.55,
        "earningspersharediluted": 1.55,
        "othercomprehensiveincomelossforeigncurrencytransactionandtranslationadjustmentnetoftax": 57000000,
        "othercomprehensiveincomelosspensionandotherpostretirementbenefitplansadjustmentnetoftax": 2000000,
        "othercomprehensiveincomeothernetoftax": -9000000,
        "othercomprehensiveincomelossnetoftax": -9000000,
        "comprehensiveincomenetoftaxincludingportionattributabletononcontrollinginterest": 590000000,
        "comprehensiveincomenetoftaxattributabletononcontrollinginterest": 8000000,
        "comprehensiveincomenetoftax": 582000000
    },
    {
        "date": "2021-12-30",
        "symbol": "KMB",
        "period": "Q4",
        "revenues": 201000000,
        "costofgoodsandservicessold": 3529000000,
        "grossprofit": -3856000000,
        "marketingresearchandgeneralexpenses": 911000000,
        "otheroperatingincomeexpensenet": -4000000,
        "operatingincomeloss": -173000000,
        "investmentincomeinterest": 2000000,
        "interestexpense": 64000000,
        "incomelossincludingportionattributabletononcontrollinginterest": 444000000,
        "incometaxexpensebenefit": 482000000,
        "incomelossfromequitymethodinvestments": 10000000,
        "profitloss": 357000000,
        "netincomelossattributabletononcontrollinginterest": 3000000,
        "netincomeloss": -1252000000,
        "earningspersharebasic": 1.06,
        "earningspersharediluted": 1.05,
        "othercomprehensiveincomelossforeigncurrencytransactionandtranslationadjustmentnetoftax": 13000000,
        "othercomprehensiveincomelosspensionandotherpostretirementbenefitplansadjustmentnetoftax": -93000000,
        "othercomprehensiveincomeothernetoftax": -9000000,
        "othercomprehensiveincomelossnetoftax": -46000000,
        "comprehensiveincomenetoftaxincludingportionattributabletononcontrollinginterest": 429000000,
        "comprehensiveincomenetoftaxattributabletononcontrollinginterest": 6000000,
        "comprehensiveincomenetoftax": -1392000000
    },
    {
        "date": "2021-09-29",
        "symbol": "KMB",
        "period": "Q3",
        "revenues": 900000000,
        "costofgoodsandservicessold": 3527000000,
        "grossprofit": 1483000000,
        "marketingresearchandgeneralexpenses": 819000000,
        "otheroperatingincomeexpensenet": -7000000,
        "operatingincomeloss": -150000000,
        "othernonoperatingincomeexpense": 9000000,
        "investmentincomeinterest": 1000000,
        "interestexpense": 64000000,
        "incomelossincludingportionattributabletononcontrollinginterest": 584000000,
        "incometaxexpensebenefit": 16000000,
        "incomebeforeequityinterest": 458000000,
        "incomelossfromequitymethodinvestments": 21000000,
        "profitloss": 469000000,
        "netincomelossattributabletononcontrollinginterest": 10000000,
        "netincomeloss": 469000000,
        "earningspersharebasic": 1.39,
        "earningspersharediluted": 1.39,
        "othercomprehensiveincomelossforeigncurrencytransactionandtranslationadjustmentnetoftax": -151000000,
        "othercomprehensiveincomelosspensionandotherpostretirementbenefitplansadjustmentnetoftax": -16000000,
        "othercomprehensiveincomeothernetoftax": 35000000,
        "othercomprehensiveincomelossnetoftax": 11000000,
        "comprehensiveincomenetoftaxincludingportionattributabletononcontrollinginterest": 379000000,
        "comprehensiveincomenetoftaxattributabletononcontrollinginterest": -1000000,
        "comprehensiveincomenetoftax": 380000000
    },
    {
        "date": "2021-06-29",
        "symbol": "KMB",
        "period": "Q2",
        "revenues": 700000000,
        "costofgoodsandservicessold": 3242000000,
        "grossprofit": 1480000000,
        "marketingresearchandgeneralexpenses": 854000000,
        "otheroperatingincomeexpensenet": -13000000,
        "operatingincomeloss": -134000000,
        "othernonoperatingincomeexpense": 56000000,
        "investmentincomeinterest": 2000000,
        "interestexpense": 65000000,
        "incomelossincludingportionattributabletononcontrollinginterest": 495000000,
        "incometaxexpensebenefit": 25000000,
        "incomebeforeequityinterest": 382000000,
        "incomelossfromequitymethodinvestments": 28000000,
        "profitloss": 404000000,
        "netincomelossattributabletononcontrollinginterest": 6000000,
        "netincomeloss": 404000000,
        "earningspersharebasic": 1.2,
        "earningspersharediluted": 1.19,
        "othercomprehensiveincomelossforeigncurrencytransactionandtranslationadjustmentnetoftax": 78000000,
        "othercomprehensiveincomelosspensionandotherpostretirementbenefitplansadjustmentnetoftax": -11000000,
        "othercomprehensiveincomeothernetoftax": 22000000,
        "othercomprehensiveincomelossnetoftax": 111000000,
        "comprehensiveincomenetoftaxincludingportionattributabletononcontrollinginterest": 521000000,
        "comprehensiveincomenetoftaxattributabletononcontrollinginterest": 6000000,
        "comprehensiveincomenetoftax": 515000000
    },
    {
        "date": "2021-03-30",
        "symbol": "KMB",
        "period": "Q1",
        "revenues": 700000000,
        "costofgoodsandservicessold": 3154000000,
        "grossprofit": 1589000000,
        "marketingresearchandgeneralexpenses": 815000000,
        "otheroperatingincomeexpensenet": -4000000,
        "operatingincomeloss": -102000000,
        "othernonoperatingincomeexpense": -6000000,
        "investmentincomeinterest": 1000000,
        "interestexpense": 63000000,
        "incomelossincludingportionattributabletononcontrollinginterest": 702000000,
        "incometaxexpensebenefit": 7000000,
        "incomebeforeequityinterest": 555000000,
        "incomelossfromequitymethodinvestments": 39000000,
        "profitloss": 584000000,
        "netincomelossattributabletononcontrollinginterest": 10000000,
        "netincomeloss": 584000000,
        "earningspersharebasic": 1.73,
        "earningspersharediluted": 1.72,
        "othercomprehensiveincomelossforeigncurrencytransactionandtranslationadjustmentnetoftax": -205000000,
        "othercomprehensiveincomelosspensionandotherpostretirementbenefitplansadjustmentnetoftax": -2000000,
        "othercomprehensiveincomeothernetoftax": 36000000,
        "othercomprehensiveincomelossnetoftax": 7000000,
        "comprehensiveincomenetoftaxincludingportionattributabletononcontrollinginterest": 433000000,
        "comprehensiveincomenetoftaxattributabletononcontrollinginterest": 3000000,
        "comprehensiveincomenetoftax": 430000000
    },
    {
        "date": "2020-12-30",
        "symbol": "KMB",
        "period": "Q4",
        "revenues": 4836000000,
        "costofgoodsandservicessold": 3172000000,
        "grossprofit": 1664000000,
        "marketingresearchandgeneralexpenses": 996000000,
        "otheroperatingincomeexpensenet": 81000000,
        "operatingincomeloss": 749000000,
        "investmentincomeinterest": 2000000,
        "interestexpense": 64000000,
        "incomelossincludingportionattributabletononcontrollinginterest": 674000000,
        "incometaxexpensebenefit": 166000000,
        "incomelossfromequitymethodinvestments": 38000000,
        "profitloss": 546000000,
        "netincomelossattributabletononcontrollinginterest": 7000000,
        "netincomeloss": 539000000,
        "earningspersharebasic": 1.5799999999999998,
        "earningspersharediluted": 1.5700000000000003,
        "othercomprehensiveincomelossforeigncurrencytransactionandtranslationadjustmentnetoftax": 365000000,
        "othercomprehensiveincomeothernetoftax": -39000000,
        "othercomprehensiveincomelossnetoftax": 324000000,
        "comprehensiveincomenetoftaxincludingportionattributabletononcontrollinginterest": 870000000,
        "comprehensiveincomenetoftaxattributabletononcontrollinginterest": 21000000,
        "comprehensiveincomenetoftax": 849000000
    },
    {
        "date": "2020-09-29",
        "symbol": "KMB",
        "period": "Q3",
        "revenues": 4683000000,
        "costofgoodsandservicessold": 3093000000,
        "grossprofit": 1590000000,
        "marketingresearchandgeneralexpenses": 919000000,
        "otheroperatingincomeexpensenet": -5000000,
        "operatingincomeloss": 666000000,
        "othernonoperatingincomeexpense": -40000000,
        "investmentincomeinterest": 2000000,
        "interestexpense": 62000000,
        "incomelossincludingportionattributabletononcontrollinginterest": 566000000,
        "incometaxexpensebenefit": 114000000,
        "incomebeforeequityinterest": 452000000,
        "incomelossfromequitymethodinvestments": 31000000,
        "profitloss": 483000000,
        "netincomelossattributabletononcontrollinginterest": 11000000,
        "netincomeloss": 472000000,
        "earningspersharebasic": 1.3900000000000003,
        "earningspersharediluted": 1.3899999999999997,
        "othercomprehensiveincomelossforeigncurrencytransactionandtranslationadjustmentnetoftax": 38000000,
        "othercomprehensiveincomelosspensionandotherpostretirementbenefitplansadjustmentnetoftax": 0,
        "othercomprehensiveincomeothernetoftax": -3000000,
        "othercomprehensiveincomelossnetoftax": 35000000,
        "comprehensiveincomenetoftaxincludingportionattributabletononcontrollinginterest": 518000000,
        "comprehensiveincomenetoftaxattributabletononcontrollinginterest": 16000000,
        "comprehensiveincomenetoftax": 502000000
    },
    {
        "date": "2020-06-29",
        "symbol": "KMB",
        "period": "Q2",
        "revenues": 4612000000,
        "costofgoodsandservicessold": 2835000000,
        "grossprofit": 1777000000,
        "marketingresearchandgeneralexpenses": 844000000,
        "otheroperatingincomeexpensenet": -8000000,
        "operatingincomeloss": 925000000,
        "othernonoperatingincomeexpense": -6000000,
        "investmentincomeinterest": 2000000,
        "interestexpense": 65000000,
        "incomelossincludingportionattributabletononcontrollinginterest": 856000000,
        "incometaxexpensebenefit": 199000000,
        "incomebeforeequityinterest": 657000000,
        "incomelossfromequitymethodinvestments": 35000000,
        "profitloss": 692000000,
        "netincomelossattributabletononcontrollinginterest": 11000000,
        "netincomeloss": 681000000,
        "earningspersharebasic": 2,
        "earningspersharediluted": 1.99,
        "othercomprehensiveincomelossforeigncurrencytransactionandtranslationadjustmentnetoftax": 125000000,
        "othercomprehensiveincomelosspensionandotherpostretirementbenefitplansadjustmentnetoftax": -5000000,
        "othercomprehensiveincomeothernetoftax": -24000000,
        "othercomprehensiveincomelossnetoftax": 106000000,
        "comprehensiveincomenetoftaxincludingportionattributabletononcontrollinginterest": 798000000,
        "comprehensiveincomenetoftaxattributabletononcontrollinginterest": 15000000,
        "comprehensiveincomenetoftax": 783000000
    },
    {
        "date": "2020-03-30",
        "symbol": "KMB",
        "period": "Q1",
        "revenues": 5009000000,
        "costofgoodsandservicessold": 3218000000,
        "grossprofit": 1791000000,
        "marketingresearchandgeneralexpenses": 873000000,
        "otheroperatingincomeexpensenet": -14000000,
        "operatingincomeloss": 904000000,
        "othernonoperatingincomeexpense": -11000000,
        "investmentincomeinterest": 2000000,
        "interestexpense": 61000000,
        "incomelossincludingportionattributabletononcontrollinginterest": 834000000,
        "incometaxexpensebenefit": 197000000,
        "incomebeforeequityinterest": 637000000,
        "incomelossfromequitymethodinvestments": 38000000,
        "profitloss": 675000000,
        "netincomelossattributabletononcontrollinginterest": 15000000,
        "netincomeloss": 660000000,
        "earningspersharebasic": 1.93,
        "earningspersharediluted": 1.92,
        "othercomprehensiveincomelossforeigncurrencytransactionandtranslationadjustmentnetoftax": -399000000,
        "othercomprehensiveincomelosspensionandotherpostretirementbenefitplansadjustmentnetoftax": -34000000,
        "othercomprehensiveincomeothernetoftax": 32000000,
        "othercomprehensiveincomelossnetoftax": -333000000,
        "comprehensiveincomenetoftaxincludingportionattributabletononcontrollinginterest": 342000000,
        "comprehensiveincomenetoftaxattributabletononcontrollinginterest": 3000000,
        "comprehensiveincomenetoftax": 339000000
    },
    {
        "date": "2019-12-30",
        "symbol": "KMB",
        "period": "Q4",
        "revenues": 800000000,
        "costofgoodsandservicessold": 3017000000,
        "grossprofit": 1566000000,
        "marketingresearchandgeneralexpenses": 859000000,
        "otheroperatingincomeexpensenet": 44000000,
        "operatingincomeloss": -188000000,
        "nonoperatingincomeexpense": -58000000,
        "investmentincomeinterest": 3000000,
        "interestexpense": 63000000,
        "incomelossincludingportionattributabletononcontrollinginterest": 633000000,
        "incometaxexpensebenefit": 83000000,
        "incomelossfromequitymethodinvestments": 32000000,
        "profitloss": 535000000,
        "netincomelossattributabletononcontrollinginterest": 6000000,
        "netincomeloss": 547000000,
        "earningspersharebasic": 1.5999999999999999,
        "earningspersharediluted": 1.5900000000000007,
        "othercomprehensiveincomelossforeigncurrencytransactionandtranslationadjustmentnetoftax": 169000000,
        "othercomprehensiveincomelosspensionandotherpostretirementbenefitplansadjustmentnetoftax": 26000000,
        "othercomprehensiveincomeothernetoftax": -16000000,
        "othercomprehensiveincomelossnetoftax": -51000000,
        "comprehensiveincomenetoftaxincludingportionattributabletononcontrollinginterest": 681000000,
        "comprehensiveincomenetoftaxattributabletononcontrollinginterest": -5000000,
        "comprehensiveincomenetoftax": -1492000000
    },
    {
        "date": "2019-09-29",
        "symbol": "KMB",
        "period": "Q3",
        "revenues": 700000000,
        "costofgoodsandservicessold": 3085000000,
        "grossprofit": 1555000000,
        "marketingresearchandgeneralexpenses": 815000000,
        "otheroperatingincomeexpensenet": 175000000,
        "operatingincomeloss": -190000000,
        "nonoperatingincomeexpense": -11000000,
        "investmentincomeinterest": 3000000,
        "interestexpense": 66000000,
        "incomelossincludingportionattributabletononcontrollinginterest": 841000000,
        "incometaxexpensebenefit": -23000000,
        "incomebeforeequityinterest": 649000000,
        "incomelossfromequitymethodinvestments": 31000000,
        "profitloss": 671000000,
        "netincomelossattributabletononcontrollinginterest": 9000000,
        "netincomeloss": 671000000,
        "earningspersharebasic": 1.95,
        "earningspersharediluted": 1.94,
        "othercomprehensiveincomelossforeigncurrencytransactionandtranslationadjustmentnetoftax": -170000000,
        "othercomprehensiveincomelosspensionandotherpostretirementbenefitplansadjustmentnetoftax": -16000000,
        "othercomprehensiveincomeothernetoftax": 2000000,
        "othercomprehensiveincomelossnetoftax": 10000000,
        "comprehensiveincomenetoftaxincludingportionattributabletononcontrollinginterest": 528000000,
        "comprehensiveincomenetoftaxattributabletononcontrollinginterest": -1000000,
        "comprehensiveincomenetoftax": 529000000
    },
    {
        "date": "2019-06-29",
        "symbol": "KMB",
        "period": "Q2",
        "revenues": 700000000,
        "costofgoodsandservicessold": 3108000000,
        "grossprofit": 1486000000,
        "marketingresearchandgeneralexpenses": 811000000,
        "otheroperatingincomeexpensenet": -5000000,
        "operatingincomeloss": -193000000,
        "nonoperatingincomeexpense": -11000000,
        "investmentincomeinterest": 2000000,
        "interestexpense": 67000000,
        "incomelossincludingportionattributabletononcontrollinginterest": 594000000,
        "incometaxexpensebenefit": 27000000,
        "incomebeforeequityinterest": 462000000,
        "incomelossfromequitymethodinvestments": 33000000,
        "profitloss": 485000000,
        "netincomelossattributabletononcontrollinginterest": 10000000,
        "netincomeloss": 485000000,
        "earningspersharebasic": 1.41,
        "earningspersharediluted": 1.4,
        "othercomprehensiveincomelossforeigncurrencytransactionandtranslationadjustmentnetoftax": -4000000,
        "othercomprehensiveincomelosspensionandotherpostretirementbenefitplansadjustmentnetoftax": -26000000,
        "othercomprehensiveincomeothernetoftax": -3000000,
        "othercomprehensiveincomelossnetoftax": 2000000,
        "comprehensiveincomenetoftaxincludingportionattributabletononcontrollinginterest": 514000000,
        "comprehensiveincomenetoftaxattributabletononcontrollinginterest": 9000000,
        "comprehensiveincomenetoftax": 505000000
    },
    {
        "date": "2019-03-30",
        "symbol": "KMB",
        "period": "Q1",
        "revenues": 700000000,
        "costofgoodsandservicessold": 3205000000,
        "grossprofit": 1428000000,
        "marketingresearchandgeneralexpenses": 769000000,
        "otheroperatingincomeexpensenet": -4000000,
        "operatingincomeloss": -216000000,
        "nonoperatingincomeexpense": -11000000,
        "investmentincomeinterest": 3000000,
        "interestexpense": 65000000,
        "incomelossincludingportionattributabletononcontrollinginterest": 582000000,
        "incometaxexpensebenefit": 31000000,
        "incomebeforeequityinterest": 439000000,
        "incomelossfromequitymethodinvestments": 27000000,
        "profitloss": 466000000,
        "netincomelossattributabletononcontrollinginterest": 12000000,
        "netincomeloss": 454000000,
        "earningspersharebasic": 1.32,
        "earningspersharediluted": 1.31,
        "othercomprehensiveincomelossforeigncurrencytransactionandtranslationadjustmentnetoftax": 31000000,
        "othercomprehensiveincomelosspensionandotherpostretirementbenefitplansadjustmentnetoftax": 4000000,
        "othercomprehensiveincomeothernetoftax": -17000000,
        "othercomprehensiveincomelossnetoftax": 5000000,
        "comprehensiveincomenetoftaxincludingportionattributabletononcontrollinginterest": 471000000,
        "comprehensiveincomenetoftaxattributabletononcontrollinginterest": 7000000,
        "comprehensiveincomenetoftax": 464000000
    },
    {
        "date": "2018-12-30",
        "symbol": "KMB",
        "period": "Q4",
        "salesrevenuenet": 8763000000,
        "costofgoodssold": 3167000000,
        "grossprofit": 1402000000,
        "marketingresearchandgeneralexpenses": 768000000,
        "otheroperatingincomeexpensenet": 5000000,
        "operatingincomeloss": -160000000,
        "nonoperatingincomeexpense": -88000000,
        "investmentincomeinterest": 3000000,
        "interestexpense": 65000000,
        "incomelossincludingportionattributabletononcontrollinginterest": 489000000,
        "incometaxexpensebenefit": 46000000,
        "incomelossfromequitymethodinvestments": 23000000,
        "profitloss": 386000000,
        "netincomelossattributabletononcontrollinginterest": 10000000,
        "netincomeloss": 411000000,
        "earningspersharebasic": 1.18,
        "earningspersharediluted": 1.1800000000000002,
        "othercomprehensiveincomelossforeigncurrencytransactionandtranslationadjustmentnetoftax": -89000000,
        "othercomprehensiveincomeothernetoftax": 20000000,
        "othercomprehensiveincomelossnetoftax": -204000000,
        "comprehensiveincomenetoftaxincludingportionattributabletononcontrollinginterest": 395000000,
        "comprehensiveincomenetoftaxattributabletononcontrollinginterest": -2000000,
        "comprehensiveincomenetoftax": -1023000000
    },
    {
        "date": "2018-09-29",
        "symbol": "KMB",
        "period": "Q3",
        "salesrevenuenet": 13000000,
        "costofgoodssold": 3166000000,
        "grossprofit": 1416000000,
        "marketingresearchandgeneralexpenses": 749000000,
        "otheroperatingincomeexpensenet": 2000000,
        "operatingincomeloss": -171000000,
        "nonoperatingincomeexpense": -30000000,
        "investmentincomeinterest": 2000000,
        "interestexpense": 64000000,
        "incomelossincludingportionattributabletononcontrollinginterest": 577000000,
        "incometaxexpensebenefit": 30000000,
        "incomebeforeequityinterest": 439000000,
        "incomelossfromequitymethodinvestments": 23000000,
        "profitloss": 462000000,
        "netincomelossattributabletononcontrollinginterest": 11000000,
        "netincomeloss": 451000000,
        "earningspersharebasic": 1.3,
        "earningspersharediluted": 1.29,
        "commonstockdividendspersharedeclared": 1,
        "othercomprehensiveincomelossforeigncurrencytransactionandtranslationadjustmentnetoftax": -79000000,
        "othercomprehensiveincomelosspensionandotherpostretirementbenefitplansadjustmentnetoftax": -22000000,
        "othercomprehensiveincomeothernetoftax": 3000000,
        "othercomprehensiveincomelossnetoftax": -54000000,
        "comprehensiveincomenetoftaxincludingportionattributabletononcontrollinginterest": 408000000,
        "comprehensiveincomenetoftaxattributabletononcontrollinginterest": 10000000,
        "comprehensiveincomenetoftax": 398000000
    },
    {
        "date": "2018-06-29",
        "symbol": "KMB",
        "period": "Q2",
        "salesrevenuenet": 14000000,
        "costofgoodssold": 3149000000,
        "grossprofit": 1455000000,
        "marketingresearchandgeneralexpenses": 771000000,
        "otheroperatingincomeexpensenet": -10000000,
        "operatingincomeloss": -149000000,
        "nonoperatingincomeexpense": -36000000,
        "investmentincomeinterest": 3000000,
        "interestexpense": 68000000,
        "incomelossincludingportionattributabletononcontrollinginterest": 573000000,
        "incometaxexpensebenefit": 24000000,
        "incomebeforeequityinterest": 435000000,
        "incomelossfromequitymethodinvestments": 30000000,
        "profitloss": 465000000,
        "netincomelossattributabletononcontrollinginterest": 10000000,
        "netincomeloss": 455000000,
        "earningspersharebasic": 1.3,
        "earningspersharediluted": 1.3,
        "commonstockdividendspersharedeclared": 1,
        "othercomprehensiveincomelossforeigncurrencytransactionandtranslationadjustmentnetoftax": -381000000,
        "othercomprehensiveincomelosspensionandotherpostretirementbenefitplansadjustmentnetoftax": -79000000,
        "othercomprehensiveincomeothernetoftax": 29000000,
        "othercomprehensiveincomelossnetoftax": -273000000,
        "comprehensiveincomenetoftaxincludingportionattributabletononcontrollinginterest": 192000000,
        "comprehensiveincomenetoftaxattributabletononcontrollinginterest": -1000000,
        "comprehensiveincomenetoftax": 193000000
    },
    {
        "date": "2018-03-30",
        "symbol": "KMB",
        "period": "Q1",
        "salesrevenuenet": 13000000,
        "costofgoodssold": 3407000000,
        "grossprofit": 1324000000,
        "marketingresearchandgeneralexpenses": 1079000000,
        "otheroperatingincomeexpensenet": 2000000,
        "operatingincomeloss": -632000000,
        "nonoperatingincomeexpense": -9000000,
        "investmentincomeinterest": 2000000,
        "interestexpense": 66000000,
        "incomelossincludingportionattributabletononcontrollinginterest": 174000000,
        "incometaxexpensebenefit": 143000000,
        "incomebeforeequityinterest": 70000000,
        "incomelossfromequitymethodinvestments": 27000000,
        "profitloss": 97000000,
        "netincomelossattributabletononcontrollinginterest": 4000000,
        "netincomeloss": 93000000,
        "earningspersharebasic": 0.27,
        "earningspersharediluted": 0.26,
        "commonstockdividendspersharedeclared": 1,
        "othercomprehensiveincomelossforeigncurrencytransactionandtranslationadjustmentnetoftax": 116000000,
        "othercomprehensiveincomeothernetoftax": -1000000,
        "othercomprehensiveincomelossnetoftax": 116000000,
        "comprehensiveincomenetoftaxincludingportionattributabletononcontrollinginterest": 213000000,
        "comprehensiveincomenetoftaxattributabletononcontrollinginterest": 5000000,
        "comprehensiveincomenetoftax": 208000000
    },
    {
        "date": "2017-12-30",
        "symbol": "KMB",
        "period": "Q4",
        "salesrevenuenet": 4193000000,
        "costofgoodssold": 2984000000,
        "grossprofit": 1598000000,
        "marketingresearchandgeneralexpenses": 759000000,
        "otheroperatingincomeexpensenet": -27000000,
        "operatingincomeloss": -950000000,
        "investmentincomeinterest": 3000000,
        "interestexpense": 72000000,
        "incomelossfromcontinuingoperationsbeforeincometaxesminorityinterestandincomelossfromequitymethodinvestments": 743000000,
        "incometaxexpensebenefit": 143000000,
        "incomebeforeequityinterestandextraordinaryloss": 600000000,
        "incomelossfromequitymethodinvestments": 25000000,
        "profitloss": 584000000,
        "netincomelossattributabletononcontrollinginterest": 8000000,
        "netincomeloss": 617000000,
        "earningspersharebasic": 1.75,
        "earningspersharediluted": 1.7400000000000004,
        "commonstockdividendspersharedeclared": 0.9700000000000002,
        "othercomprehensiveincomelossforeigncurrencytransactionandtranslationadjustmentnetoftax": 56000000,
        "othercomprehensiveincomelosspensionandotherpostretirementbenefitplansadjustmentnetoftax": -129000000,
        "othercomprehensiveincomeothernetoftax": 4000000,
        "othercomprehensiveincomelossnetoftax": 97000000,
        "comprehensiveincomenetoftaxincludingportionattributabletononcontrollinginterest": 825000000,
        "comprehensiveincomenetoftaxattributabletononcontrollinginterest": -79000000,
        "comprehensiveincomenetoftax": -1485000000
    },
    {
        "date": "2017-09-29",
        "symbol": "KMB",
        "period": "Q3",
        "salesrevenuenet": 11000000,
        "costofgoodssold": 2981000000,
        "grossprofit": 1659000000,
        "marketingresearchandgeneralexpenses": 813000000,
        "otheroperatingincomeexpensenet": 8000000,
        "operatingincomeloss": -63000000,
        "investmentincomeinterest": 3000000,
        "interestexpense": 78000000,
        "incomelossfromcontinuingoperationsbeforeincometaxesminorityinterestandincomelossfromequitymethodinvestments": 779000000,
        "incometaxexpensebenefit": 224000000,
        "incomebeforeequityinterestandextraordinaryloss": 555000000,
        "incomelossfromequitymethodinvestments": 24000000,
        "profitloss": 579000000,
        "netincomelossattributabletononcontrollinginterest": 12000000,
        "netincomeloss": 567000000,
        "earningspersharebasic": 1.61,
        "earningspersharediluted": 1.6,
        "commonstockdividendspersharedeclared": 0.97,
        "othercomprehensiveincomelossforeigncurrencytransactionandtranslationadjustmentnetoftax": 128000000,
        "othercomprehensiveincomelosspensionandotherpostretirementbenefitplansadjustmentnetoftax": 8000000,
        "othercomprehensiveincomeothernetoftax": -9000000,
        "othercomprehensiveincomelossnetoftax": 111000000,
        "comprehensiveincomenetoftaxincludingportionattributabletononcontrollinginterest": 690000000,
        "comprehensiveincomenetoftaxattributabletononcontrollinginterest": 12000000,
        "comprehensiveincomenetoftax": 678000000
    },
    {
        "date": "2017-06-29",
        "symbol": "KMB",
        "period": "Q2",
        "salesrevenuenet": 11000000,
        "costofgoodssold": 2910000000,
        "grossprofit": 1644000000,
        "marketingresearchandgeneralexpenses": 842000000,
        "otheroperatingincomeexpensenet": -3000000,
        "operatingincomeloss": -69000000,
        "investmentincomeinterest": 2000000,
        "interestexpense": 85000000,
        "incomelossfromcontinuingoperationsbeforeincometaxesminorityinterestandincomelossfromequitymethodinvestments": 716000000,
        "incometaxexpensebenefit": 202000000,
        "incomebeforeequityinterestandextraordinaryloss": 514000000,
        "incomelossfromequitymethodinvestments": 26000000,
        "profitloss": 540000000,
        "netincomelossattributabletononcontrollinginterest": 9000000,
        "netincomeloss": 531000000,
        "earningspersharebasic": 1.5,
        "earningspersharediluted": 1.49,
        "commonstockdividendspersharedeclared": 0.97,
        "othercomprehensiveincomelossforeigncurrencytransactionandtranslationadjustmentnetoftax": 55000000,
        "othercomprehensiveincomelosspensionandotherpostretirementbenefitplansadjustmentnetoftax": 1000000,
        "othercomprehensiveincomeothernetoftax": -24000000,
        "othercomprehensiveincomelossnetoftax": 30000000,
        "comprehensiveincomenetoftaxincludingportionattributabletononcontrollinginterest": 570000000,
        "comprehensiveincomenetoftaxattributabletononcontrollinginterest": 1000000,
        "comprehensiveincomenetoftax": 569000000
    },
    {
        "date": "2017-03-30",
        "symbol": "KMB",
        "period": "Q1",
        "salesrevenuenet": 4483000000,
        "costofgoodssold": 2831000000,
        "grossprofit": 1652000000,
        "marketingresearchandgeneralexpenses": 813000000,
        "otheroperatingincomeexpensenet": -5000000,
        "operatingincomeloss": 834000000,
        "investmentincomeinterest": 2000000,
        "interestexpense": 83000000,
        "incomelossfromcontinuingoperationsbeforeincometaxesminorityinterestandincomelossfromequitymethodinvestments": 753000000,
        "incometaxexpensebenefit": 207000000,
        "incomebeforeequityinterestandextraordinaryloss": 546000000,
        "incomelossfromequitymethodinvestments": 29000000,
        "profitloss": 575000000,
        "netincomelossattributabletononcontrollinginterest": 12000000,
        "netincomeloss": 563000000,
        "earningspersharebasic": 1.58,
        "earningspersharediluted": 1.57,
        "commonstockdividendspersharedeclared": 0.97,
        "othercomprehensiveincomelossforeigncurrencytransactionandtranslationadjustmentnetoftax": 248000000,
        "othercomprehensiveincomelosspensionandotherpostretirementbenefitplansadjustmentnetoftax": 2000000,
        "othercomprehensiveincomeothernetoftax": -16000000,
        "othercomprehensiveincomelossnetoftax": 249000000,
        "comprehensiveincomenetoftaxincludingportionattributabletononcontrollinginterest": 824000000,
        "comprehensiveincomenetoftaxattributabletononcontrollinginterest": 31000000,
        "comprehensiveincomenetoftax": 793000000
    },
    {
        "date": "2016-09-29",
        "symbol": "KMB",
        "period": "Q3",
        "salesrevenuenet": 8000000,
        "costofgoodssold": 2924000000,
        "grossprofit": 1670000000,
        "marketingresearchandgeneralexpenses": 833000000,
        "otheroperatingincomeexpensenet": -1000000,
        "operatingincomeloss": -45000000,
        "investmentincomeinterest": 2000000,
        "interestexpense": 81000000,
        "incomelossfromcontinuingoperationsbeforeincometaxesminorityinterestandincomelossfromequitymethodinvestments": 757000000,
        "incometaxexpensebenefit": 227000000,
        "incomebeforeequityinterestandextraordinaryloss": 530000000,
        "incomelossfromequitymethodinvestments": 33000000,
        "profitloss": 563000000,
        "netincomelossattributabletononcontrollinginterest": 13000000,
        "netincomeloss": 550000000,
        "earningspersharebasic": 1.53,
        "earningspersharediluted": 1.52,
        "commonstockdividendspersharedeclared": 0.92,
        "othercomprehensiveincomelossforeigncurrencytransactionandtranslationadjustmentnetoftax": 39000000,
        "othercomprehensiveincomelosspensionandotherpostretirementbenefitplansadjustmentnetoftax": -15000000,
        "othercomprehensiveincomeothernetoftax": 2000000,
        "othercomprehensiveincomelossnetoftax": 56000000,
        "comprehensiveincomenetoftaxincludingportionattributabletononcontrollinginterest": 619000000,
        "comprehensiveincomenetoftaxattributabletononcontrollinginterest": 23000000,
        "comprehensiveincomenetoftax": 596000000
    },
    {
        "date": "2016-06-29",
        "symbol": "KMB",
        "period": "Q2",
        "salesrevenuenet": 9000000,
        "costofgoodssold": 2924000000,
        "grossprofit": 1664000000,
        "marketingresearchandgeneralexpenses": 847000000,
        "otheroperatingincomeexpensenet": 21000000,
        "operatingincomeloss": -63000000,
        "investmentincomeinterest": 3000000,
        "interestexpense": 81000000,
        "incomelossfromcontinuingoperationsbeforeincometaxesminorityinterestandincomelossfromequitymethodinvestments": 760000000,
        "incometaxexpensebenefit": 217000000,
        "incomebeforeequityinterestandextraordinaryloss": 543000000,
        "incomelossfromequitymethodinvestments": 35000000,
        "profitloss": 578000000,
        "netincomelossattributabletononcontrollinginterest": 12000000,
        "netincomeloss": 566000000,
        "earningspersharebasic": 1.57,
        "earningspersharediluted": 1.56,
        "commonstockdividendspersharedeclared": 0.92,
        "othercomprehensiveincomelossforeigncurrencytransactionandtranslationadjustmentnetoftax": -72000000,
        "othercomprehensiveincomelosspensionandotherpostretirementbenefitplansadjustmentnetoftax": -13000000,
        "othercomprehensiveincomeothernetoftax": 12000000,
        "othercomprehensiveincomelossnetoftax": -47000000,
        "comprehensiveincomenetoftaxincludingportionattributabletononcontrollinginterest": 531000000,
        "comprehensiveincomenetoftaxattributabletononcontrollinginterest": 9000000,
        "comprehensiveincomenetoftax": 522000000
    },
    {
        "date": "2015-12-30",
        "symbol": "KMB",
        "period": "Q4",
        "salesrevenuenet": 4105000000,
        "costofgoodssold": 2913000000,
        "grossprofit": 1626000000,
        "marketingresearchandgeneralexpenses": 857000000,
        "otheroperatingincomeexpensenet": 1394000000,
        "operatingincomeloss": -941000000,
        "investmentincomeinterest": 5000000,
        "interestexpense": 76000000,
        "incomelossfromcontinuingoperationsbeforeincometaxesminorityinterestandincomelossfromequitymethodinvestments": 559000000,
        "incometaxexpensebenefit": 51000000,
        "incomebeforeequityinterestandextraordinaryloss": 307000000,
        "incomelossfromequitymethodinvestments": 37000000,
        "incomelossfromcontinuingoperationsincludingportionattributabletononcontrollinginterest": 344000000,
        "profitloss": 309000000,
        "netincomelossattributabletononcontrollinginterest": 11000000,
        "netincomeloss": 333000000,
        "incomelossfromcontinuingoperationsperbasicshare": 0.9199999999999997,
        "earningspersharebasic": 0.9199999999999997,
        "incomelossfromcontinuingoperationsperdilutedshare": 0.9199999999999999,
        "earningspersharediluted": 0.9199999999999999,
        "commonstockdividendspersharedeclared": 0.8800000000000002,
        "othercomprehensiveincomelossforeigncurrencytransactionandtranslationadjustmentnetoftax": -61000000,
        "othercomprehensiveincomelosspensionandotherpostretirementbenefitplansadjustmentnetoftax": 821000000,
        "othercomprehensiveincomeothernetoftax": 0,
        "othercomprehensiveincomelossnetoftax": -881000000,
        "comprehensiveincomenetoftaxincludingportionattributabletononcontrollinginterest": 393000000,
        "comprehensiveincomenetoftaxattributabletononcontrollinginterest": 12000000,
        "comprehensiveincomenetoftax": 381000000
    },
    {
        "date": "2015-09-29",
        "symbol": "KMB",
        "period": "Q3",
        "salesrevenuenet": 7000000,
        "costofgoodssold": 3036000000,
        "grossprofit": 1682000000,
        "marketingresearchandgeneralexpenses": 868000000,
        "otheroperatingincomeexpensenet": -35000000,
        "operatingincomeloss": -84000000,
        "investmentincomeinterest": 4000000,
        "interestexpense": 74000000,
        "incomelossfromcontinuingoperationsbeforeincometaxesminorityinterestandincomelossfromequitymethodinvestments": 709000000,
        "incometaxexpensebenefit": 217000000,
        "incomebeforeequityinterestandextraordinaryloss": 492000000,
        "incomelossfromequitymethodinvestments": 37000000,
        "incomelossfromcontinuingoperationsincludingportionattributabletononcontrollinginterest": 529000000,
        "profitloss": 529000000,
        "netincomelossattributabletononcontrollinginterest": 12000000,
        "netincomeloss": 517000000,
        "incomelossfromcontinuingoperationsperbasicshare": 1.42,
        "earningspersharebasic": 1.42,
        "incomelossfromcontinuingoperationsperdilutedshare": 1.41,
        "earningspersharediluted": 1.41,
        "commonstockdividendspersharedeclared": 0.88,
        "othercomprehensiveincomelossforeigncurrencytransactionandtranslationadjustmentnetoftax": -531000000,
        "othercomprehensiveincomelosspensionandotherpostretirementbenefitplansadjustmentnetoftax": 43000000,
        "othercomprehensiveincomeothernetoftax": 10000000,
        "othercomprehensiveincomelossnetoftax": -564000000,
        "comprehensiveincomenetoftaxincludingportionattributabletononcontrollinginterest": -35000000,
        "comprehensiveincomenetoftaxattributabletononcontrollinginterest": -4000000,
        "comprehensiveincomenetoftax": -31000000
    },
    {
        "date": "2015-06-29",
        "symbol": "KMB",
        "period": "Q2",
        "salesrevenuenet": 16000000,
        "costofgoodssold": 2986000000,
        "grossprofit": 1657000000,
        "marketingresearchandgeneralexpenses": 869000000,
        "otheroperatingincomeexpensenet": -1332000000,
        "operatingincomeloss": -90000000,
        "investmentincomeinterest": 4000000,
        "interestexpense": 73000000,
        "incomelossfromcontinuingoperationsbeforeincometaxesminorityinterestandincomelossfromequitymethodinvestments": -613000000,
        "incometaxexpensebenefit": -281000000,
        "incomebeforeequityinterestandextraordinaryloss": -332000000,
        "incomelossfromequitymethodinvestments": 39000000,
        "incomelossfromcontinuingoperationsincludingportionattributabletononcontrollinginterest": -293000000,
        "profitloss": -293000000,
        "netincomelossattributabletononcontrollinginterest": 12000000,
        "netincomeloss": -305000000,
        "incomelossfromcontinuingoperationsperbasicshare": -0.84,
        "earningspersharebasic": -0.84,
        "incomelossfromcontinuingoperationsperdilutedshare": -0.83,
        "earningspersharediluted": -0.83,
        "commonstockdividendspersharedeclared": 0.88,
        "othercomprehensiveincomelossforeigncurrencytransactionandtranslationadjustmentnetoftax": 152000000,
        "othercomprehensiveincomelosspensionandotherpostretirementbenefitplansadjustmentnetoftax": -853000000,
        "othercomprehensiveincomeothernetoftax": -25000000,
        "othercomprehensiveincomelossnetoftax": 980000000,
        "comprehensiveincomenetoftaxincludingportionattributabletononcontrollinginterest": 687000000,
        "comprehensiveincomenetoftaxattributabletononcontrollinginterest": 10000000,
        "comprehensiveincomenetoftax": 677000000
    },
    {
        "date": "2015-03-30",
        "symbol": "KMB",
        "period": "Q1",
        "salesrevenuenet": 4691000000,
        "costofgoodssold": 3032000000,
        "grossprofit": 1659000000,
        "marketingresearchandgeneralexpenses": 849000000,
        "otheroperatingincomeexpensenet": -62000000,
        "operatingincomeloss": 748000000,
        "investmentincomeinterest": 4000000,
        "interestexpense": 72000000,
        "incomelossfromcontinuingoperationsbeforeincometaxesminorityinterestandincomelossfromequitymethodinvestments": 680000000,
        "incometaxexpensebenefit": -8000000,
        "incomebeforeequityinterestandextraordinaryloss": 450000000,
        "incomelossfromequitymethodinvestments": 36000000,
        "incomelossfromcontinuingoperationsincludingportionattributabletononcontrollinginterest": 486000000,
        "profitloss": 468000000,
        "netincomelossattributabletononcontrollinginterest": 18000000,
        "netincomeloss": 468000000,
        "incomelossfromcontinuingoperationsperbasicshare": 1.28,
        "earningspersharebasic": 1.28,
        "incomelossfromcontinuingoperationsperdilutedshare": 1.27,
        "earningspersharediluted": 1.27,
        "commonstockdividendspersharedeclared": 0.88,
        "othercomprehensiveincomelossforeigncurrencytransactionandtranslationadjustmentnetoftax": -465000000,
        "othercomprehensiveincomelosspensionandotherpostretirementbenefitplansadjustmentnetoftax": -8000000,
        "othercomprehensiveincomeothernetoftax": 20000000,
        "othercomprehensiveincomelossnetoftax": -440000000,
        "comprehensiveincomenetoftaxincludingportionattributabletononcontrollinginterest": 46000000,
        "comprehensiveincomenetoftaxattributabletononcontrollinginterest": 15000000,
        "comprehensiveincomenetoftax": 31000000
    },
    {
        "date": "2014-12-30",
        "symbol": "KMB",
        "period": "Q4",
        "salesrevenuenet": 6871000000,
        "costofgoodssold": 2513000000,
        "grossprofit": 1148000000,
        "marketingresearchandgeneralexpenses": 695000000,
        "otheroperatingincomeexpensenet": 62000000,
        "operatingincomeloss": -1156000000,
        "investmentincomeinterest": 5000000,
        "interestexpense": 70000000,
        "incomelossfromcontinuingoperationsbeforeincometaxesminorityinterestandincomelossfromequitymethodinvestments": -38000000,
        "incometaxexpensebenefit": -752000000,
        "incomebeforeequityinterestandextraordinaryloss": -145000000,
        "incomelossfromequitymethodinvestments": 32000000,
        "profitloss": -124000000,
        "netincomelossattributabletononcontrollinginterest": 20000000,
        "netincomeloss": -83000000,
        "earningspersharebasic": -0.20999999999999952,
        "earningspersharediluted": -0.21999999999999997,
        "commonstockdividendspersharedeclared": 0.8400000000000002,
        "othercomprehensiveincomelossforeigncurrencytransactionandtranslationadjustmentnetoftax": -456000000,
        "othercomprehensiveincomelosspensionandotherpostretirementbenefitplansadjustmentnetoftax": 69000000,
        "othercomprehensiveincomeothernetoftax": -18000000,
        "othercomprehensiveincomelossnetoftax": -544000000,
        "comprehensiveincomenetoftaxincludingportionattributabletononcontrollinginterest": -878000000,
        "comprehensiveincomenetoftaxattributabletononcontrollinginterest": 12000000,
        "comprehensiveincomenetoftax": -890000000
    },
    {
        "date": "2014-09-29",
        "symbol": "KMB",
        "period": "Q3",
        "salesrevenuenet": 5000000,
        "costofgoodssold": 3541000000,
        "grossprofit": 1901000000,
        "marketingresearchandgeneralexpenses": 1011000000,
        "otheroperatingincomeexpensenet": 17000000,
        "operatingincomeloss": 285000000,
        "investmentincomeinterest": 5000000,
        "interestexpense": 71000000,
        "incomelossfromcontinuingoperationsbeforeincometaxesminorityinterestandincomelossfromequitymethodinvestments": 841000000,
        "incometaxexpensebenefit": 290000000,
        "incomebeforeequityinterestandextraordinaryloss": 551000000,
        "incomelossfromequitymethodinvestments": 31000000,
        "profitloss": 582000000,
        "netincomelossattributabletononcontrollinginterest": 20000000,
        "netincomeloss": 562000000,
        "earningspersharebasic": 1.51,
        "earningspersharediluted": 1.5,
        "commonstockdividendspersharedeclared": 0.84,
        "othercomprehensiveincomelossforeigncurrencytransactionandtranslationadjustmentnetoftax": -529000000,
        "othercomprehensiveincomelosspensionandotherpostretirementbenefitplansadjustmentnetoftax": -46000000,
        "othercomprehensiveincomeothernetoftax": 30000000,
        "othercomprehensiveincomelossnetoftax": -453000000,
        "comprehensiveincomenetoftaxincludingportionattributabletononcontrollinginterest": 129000000,
        "comprehensiveincomenetoftaxattributabletononcontrollinginterest": 8000000,
        "comprehensiveincomenetoftax": 121000000
    },
    {
        "date": "2014-06-29",
        "symbol": "KMB",
        "period": "Q2",
        "salesrevenuenet": 8000000,
        "costofgoodssold": 3534000000,
        "grossprofit": 1809000000,
        "marketingresearchandgeneralexpenses": 1032000000,
        "otheroperatingincomeexpensenet": 13000000,
        "operatingincomeloss": 240000000,
        "investmentincomeinterest": 5000000,
        "interestexpense": 72000000,
        "incomelossfromcontinuingoperationsbeforeincometaxesminorityinterestandincomelossfromequitymethodinvestments": 723000000,
        "incometaxexpensebenefit": 233000000,
        "incomebeforeequityinterestandextraordinaryloss": 490000000,
        "incomelossfromequitymethodinvestments": 40000000,
        "profitloss": 530000000,
        "netincomelossattributabletononcontrollinginterest": 21000000,
        "netincomeloss": 509000000,
        "earningspersharebasic": 1.35,
        "earningspersharediluted": 1.35,
        "commonstockdividendspersharedeclared": 0.84,
        "othercomprehensiveincomelossforeigncurrencytransactionandtranslationadjustmentnetoftax": 170000000,
        "othercomprehensiveincomelosspensionandotherpostretirementbenefitplansadjustmentnetoftax": -12000000,
        "othercomprehensiveincomeothernetoftax": -7000000,
        "othercomprehensiveincomelossnetoftax": 175000000,
        "comprehensiveincomenetoftaxincludingportionattributabletononcontrollinginterest": 705000000,
        "comprehensiveincomenetoftaxattributabletononcontrollinginterest": 34000000,
        "comprehensiveincomenetoftax": 671000000
    },
    {
        "date": "2014-03-30",
        "symbol": "KMB",
        "period": "Q1",
        "salesrevenuenet": 1689000000,
        "costofgoodssold": 3453000000,
        "grossprofit": 1825000000,
        "marketingresearchandgeneralexpenses": 971000000,
        "otheroperatingincomeexpensenet": -57000000,
        "operatingincomeloss": 136000000,
        "investmentincomeinterest": 3000000,
        "interestexpense": 71000000,
        "incomelossfromcontinuingoperationsbeforeincometaxesminorityinterestandincomelossfromequitymethodinvestments": 729000000,
        "incometaxexpensebenefit": 226000000,
        "incomebeforeequityinterestandextraordinaryloss": 503000000,
        "incomelossfromequitymethodinvestments": 43000000,
        "profitloss": 538000000,
        "netincomelossattributabletononcontrollinginterest": 8000000,
        "netincomeloss": 538000000,
        "earningspersharebasic": 1.42,
        "earningspersharediluted": 1.41,
        "commonstockdividendspersharedeclared": 0.84,
        "othercomprehensiveincomelossforeigncurrencytransactionandtranslationadjustmentnetoftax": -4000000,
        "othercomprehensiveincomelosspensionandotherpostretirementbenefitplansadjustmentnetoftax": -14000000,
        "othercomprehensiveincomeothernetoftax": -4000000,
        "othercomprehensiveincomelossnetoftax": 3000000,
        "comprehensiveincomenetoftaxincludingportionattributabletononcontrollinginterest": 549000000,
        "comprehensiveincomenetoftaxattributabletononcontrollinginterest": 3000000,
        "comprehensiveincomenetoftax": 546000000
    },
    {
        "date": "2013-09-29",
        "symbol": "KMB",
        "period": "Q3",
        "salesrevenuenet": 7000000,
        "costofgoodssold": 3457000000,
        "grossprofit": 1805000000,
        "marketingresearchandgeneralexpenses": 990000000,
        "otheroperatingincomeexpensenet": -8000000,
        "operatingincomeloss": 70000000,
        "investmentincomeinterest": 6000000,
        "interestexpense": 73000000,
        "incomelossfromcontinuingoperationsbeforeincometaxesminorityinterestandincomelossfromequitymethodinvestments": 740000000,
        "incometaxexpensebenefit": 224000000,
        "incomebeforeequityinterestandextraordinaryloss": 516000000,
        "incomelossfromequitymethodinvestments": 49000000,
        "profitloss": 565000000,
        "netincomelossattributabletononcontrollinginterest": 19000000,
        "netincomeloss": 546000000,
        "earningspersharebasic": 1.43,
        "earningspersharediluted": 1.42,
        "commonstockdividendspersharedeclared": 0.81,
        "othercomprehensiveincomelossforeigncurrencytransactionandtranslationadjustmentnetoftax": 204000000,
        "othercomprehensiveincomelosspensionandotherpostretirementbenefitplansadjustmentnetoftax": 5000000,
        "othercomprehensiveincomeothernetoftax": -19000000,
        "othercomprehensiveincomelossnetoftax": 180000000,
        "comprehensiveincomenetoftaxincludingportionattributabletononcontrollinginterest": 745000000,
        "comprehensiveincomenetoftaxattributabletononcontrollinginterest": 32000000,
        "comprehensiveincomenetoftax": 713000000
    },
    {
        "date": "2013-06-29",
        "symbol": "KMB",
        "period": "Q2",
        "salesrevenuenet": 10000000,
        "costofgoodssold": 3467000000,
        "grossprofit": 1800000000,
        "marketingresearchandgeneralexpenses": 1012000000,
        "otheroperatingincomeexpensenet": 8000000,
        "operatingincomeloss": 220000000,
        "investmentincomeinterest": 5000000,
        "interestexpense": 71000000,
        "incomelossfromcontinuingoperationsbeforeincometaxesminorityinterestandincomelossfromequitymethodinvestments": 730000000,
        "incometaxexpensebenefit": 238000000,
        "incomebeforeequityinterestandextraordinaryloss": 492000000,
        "incomelossfromequitymethodinvestments": 55000000,
        "profitloss": 547000000,
        "netincomelossattributabletononcontrollinginterest": 21000000,
        "netincomeloss": 526000000,
        "earningspersharebasic": 1.37,
        "earningspersharediluted": 1.36,
        "commonstockdividendspersharedeclared": 0.81,
        "othercomprehensiveincomelossforeigncurrencytransactionandtranslationadjustmentnetoftax": -423000000,
        "othercomprehensiveincomelosspensionandotherpostretirementbenefitplansadjustmentnetoftax": -36000000,
        "othercomprehensiveincomeothernetoftax": 11000000,
        "othercomprehensiveincomelossnetoftax": -376000000,
        "comprehensiveincomenetoftaxincludingportionattributabletononcontrollinginterest": 171000000,
        "comprehensiveincomenetoftaxattributabletononcontrollinginterest": 15000000,
        "comprehensiveincomenetoftax": 156000000
    },
    {
        "date": "2012-12-30",
        "symbol": "KMB",
        "period": "Q4",
        "salesrevenuenet": -5137000000,
        "costofgoodssold": -29000000,
        "grossprofit": 1524000000,
        "marketingresearchandgeneralexpenses": -992000000,
        "otherincomeandexpensenet": 9000000,
        "operatingincomeloss": 1078000000,
        "investmentincomeinterest": 5000000,
        "interestexpense": 72000000,
        "incomelossfromcontinuingoperationsbeforeincometaxesminorityinterestandincomelossfromequitymethodinvestments": 382000000,
        "incometaxexpensebenefit": -28000000,
        "incomebeforeequityinterestandextraordinaryloss": 235000000,
        "incomelossfromequitymethodinvestments": 51000000,
        "profitloss": -1032000000,
        "netincomelossattributabletononcontrollinginterest": 27000000,
        "earningspersharebasic": 0.6800000000000002,
        "earningspersharediluted": 0.6800000000000002,
        "othercomprehensiveincomeforeigncurrencytransactionandtranslationadjustmentnetoftaxperiodincreasedecrease": 62000000,
        "othercomprehensiveincomeothernetoftax": 25000000,
        "othercomprehensiveincomelossnetoftaxperiodincreasedecrease": 101000000,
        "comprehensiveincomenetoftaxincludingportionattributabletononcontrollinginterest": 31000000,
        "comprehensiveincomenetoftaxattributabletononcontrollinginterest": 23000000,
        "comprehensiveincomenetoftax": 8000000
    },
    {
        "date": "2012-09-29",
        "symbol": "KMB",
        "period": "Q3",
        "salesrevenuenet": 2414000000,
        "costofgoodssold": 22000000,
        "grossprofit": 1766000000,
        "marketingresearchandgeneralexpenses": 1000000,
        "otherincomeandexpensenet": -5000000,
        "operatingincomeloss": 436000000,
        "investmentincomeinterest": 4000000,
        "interestexpense": 70000000,
        "incomelossfromcontinuingoperationsbeforeincometaxesminorityinterestandincomelossfromequitymethodinvestments": 717000000,
        "incometaxexpensebenefit": -3000000,
        "incomebeforeequityinterestandextraordinaryloss": 494000000,
        "incomelossfromequitymethodinvestments": 43000000,
        "profitloss": 537000000,
        "netincomelossattributabletononcontrollinginterest": 20000000,
        "netincomeloss": 517000000,
        "earningspersharebasic": 1.31,
        "earningspersharediluted": 1.3,
        "commonstockdividendspersharecashpaid": 0.74,
        "othercomprehensiveincomeforeigncurrencytransactionandtranslationadjustmentnetoftaxperiodincreasedecrease": 141000000,
        "othercomprehensiveincomedefinedbenefitplansadjustmentnetoftaxperiodincreasedecrease": -54000000,
        "othercomprehensiveincomeothernetoftax": -10000000,
        "othercomprehensiveincomelossnetoftaxperiodincreasedecrease": 77000000,
        "comprehensiveincomenetoftaxincludingportionattributabletononcontrollinginterest": 614000000,
        "comprehensiveincomenetoftaxattributabletononcontrollinginterest": 27000000,
        "comprehensiveincomenetoftax": 587000000
    },
    {
        "date": "2012-06-29",
        "symbol": "KMB",
        "period": "Q2",
        "salesrevenuenet": 411000000,
        "costofgoodssold": 7000000,
        "grossprofit": 1755000000,
        "marketingresearchandgeneralexpenses": 1000000,
        "otherincomeandexpensenet": -18000000,
        "operatingincomeloss": 138000000,
        "investmentincomeinterest": 5000000,
        "interestexpense": 71000000,
        "incomelossfromcontinuingoperationsbeforeincometaxesminorityinterestandincomelossfromequitymethodinvestments": 688000000,
        "incometaxexpensebenefit": -3000000,
        "incomebeforeequityinterestandextraordinaryloss": 475000000,
        "incomelossfromequitymethodinvestments": 43000000,
        "profitloss": 518000000,
        "netincomelossattributabletononcontrollinginterest": 20000000,
        "netincomeloss": 498000000,
        "earningspersharebasic": 1.27,
        "earningspersharediluted": 1.26,
        "commonstockdividendspersharecashpaid": 0.74,
        "othercomprehensiveincomeforeigncurrencytransactionandtranslationadjustmentnetoftaxperiodincreasedecrease": -269000000,
        "othercomprehensiveincomedefinedbenefitplansadjustmentnetoftaxperiodincreasedecrease": -8000000,
        "othercomprehensiveincomeothernetoftax": 12000000,
        "othercomprehensiveincomelossnetoftaxperiodincreasedecrease": -265000000,
        "comprehensiveincomenetoftaxincludingportionattributabletononcontrollinginterest": 253000000,
        "comprehensiveincomenetoftaxattributabletononcontrollinginterest": 19000000,
        "comprehensiveincomenetoftax": 234000000
    },
    {
        "date": "2012-03-30",
        "symbol": "KMB",
        "period": "Q1",
        "salesrevenuenet": 2367000000,
        "costofgoodssold": 11000000,
        "grossprofit": 1704000000,
        "marketingresearchandgeneralexpenses": 996000000,
        "otherincomeandexpensenet": 8000000,
        "operatingincomeloss": 8000000,
        "investmentincomeinterest": 4000000,
        "interestexpense": 71000000,
        "incomelossfromcontinuingoperationsbeforeincometaxesminorityinterestandincomelossfromequitymethodinvestments": 633000000,
        "incometaxexpensebenefit": -3000000,
        "incomebeforeequityinterestandextraordinaryloss": 448000000,
        "incomelossfromequitymethodinvestments": 39000000,
        "profitloss": 8000000,
        "netincomelossattributabletononcontrollinginterest": 11000000,
        "earningspersharebasic": 1.19,
        "earningspersharediluted": 1.18,
        "commonstockdividendspersharecashpaid": 0.74,
        "othercomprehensiveincomeforeigncurrencytransactionandtranslationadjustmentnetoftaxperiodincreasedecrease": 261000000,
        "othercomprehensiveincomedefinedbenefitplansadjustmentnetoftaxperiodincreasedecrease": 16000000,
        "othercomprehensiveincomeothernetoftax": -11000000,
        "othercomprehensiveincomelossnetoftaxperiodincreasedecrease": 265000000,
        "comprehensiveincomenetoftaxincludingportionattributabletononcontrollinginterest": 752000000,
        "comprehensiveincomenetoftaxattributabletononcontrollinginterest": 24000000,
        "comprehensiveincomenetoftax": 728000000
    },
    {
        "date": "2011-09-29",
        "symbol": "KMB",
        "period": "Q3",
        "salesrevenuenet": 2390000000,
        "costofgoodssold": 95000000,
        "grossprofit": 1588000000,
        "marketingresearchandgeneralexpenses": 943000000,
        "otherincomeandexpensenet": -17000000,
        "operatingincomeloss": 56000000,
        "investmentincomeinterest": 5000000,
        "interestexpense": 70000000,
        "incomelossfromcontinuingoperationsbeforeincometaxesminorityinterestandincomelossfromequitymethodinvestments": 597000000,
        "incometaxexpensebenefit": -29000000,
        "incomebeforeequityinterestandextraordinaryloss": 423000000,
        "incomelossfromequitymethodinvestments": 35000000,
        "profitloss": 458000000,
        "netincomelossattributabletononcontrollinginterest": 26000000,
        "netincomeloss": 432000000,
        "earningspersharebasic": 1.1,
        "earningspersharediluted": 1.09,
        "commonstockdividendspersharecashpaid": 0.7,
        "othercomprehensiveincomeforeigncurrencytransactionandtranslationadjustmentnetoftaxperiodincreasedecrease": -664000000,
        "othercomprehensiveincomedefinedbenefitplansadjustmentnetoftaxperiodincreasedecrease": 45000000,
        "othercomprehensiveincomeothernetoftax": -8000000,
        "othercomprehensiveincomelossnetoftaxperiodincreasedecrease": -627000000,
        "comprehensiveincomenetoftaxincludingportionattributabletononcontrollinginterest": -169000000,
        "comprehensiveincomenetoftaxattributabletononcontrollinginterest": 2000000,
        "comprehensiveincomenetoftax": -171000000
    },
    {
        "date": "2010-03-30",
        "symbol": "KMB",
        "period": "Q1",
        "salesrevenuenet": 4835,
        "costofgoodssold": 3188,
        "grossprofit": 1647,
        "marketingresearchandgeneralexpenses": 881,
        "otherincomeandexpensenet": 101,
        "operatingincomeloss": 665,
        "investmentincomeinterest": 5,
        "interestexpense": 61,
        "incomelossfromcontinuingoperationsbeforeincometaxesminorityinterestandincomelossfromequitymethodinvestments": 609,
        "incometaxexpensebenefit": 241,
        "incomebeforeequityinterestandextraordinaryloss": 368,
        "incomelossfromequitymethodinvestments": 43,
        "profitloss": 411,
        "netincomelossattributabletononcontrollinginterest": 27,
        "netincomeloss": 384,
        "earningspersharebasic": 0.92,
        "earningspersharediluted": 0.92,
        "commonstockdividendspersharecashpaid": 0.66,
        "othercomprehensiveincomeforeigncurrencytransactionandtranslationadjustmentnetoftaxperiodincreasedecrease": -26,
        "othercomprehensiveincomedefinedbenefitplansadjustmentnetoftaxperiodincreasedecrease": 36,
        "othercomprehensiveincomeothernetoftax": 2,
        "othercomprehensiveincomelossnetoftaxperiodincreasedecrease": 12,
        "comprehensiveincomenetoftaxincludingportionattributabletononcontrollinginterest": 423,
        "comprehensiveincomenetoftaxattributabletononcontrollinginterest": 33,
        "comprehensiveincomenetoftax": 390
    }
]