[
    {
        "date": "2024-09-27",
        "symbol": "INTC",
        "period": "Q3",
        "revenuefromcontractwithcustomerexcludingassessedtax": 13284000000,
        "costofgoodsandservicessold": 11287000000,
        "grossprofit": 1997000000,
        "researchanddevelopmentexpense": 4049000000,
        "sellinggeneralandadministrativeexpense": 1383000000,
        "restructuringsettlementandimpairmentprovisions": 5622000000,
        "operatingexpenses": 11054000000,
        "operatingincomeloss": -6516000000,
        "equitysecuritiesfvnigainloss": -159000000,
        "nonoperatingincomeexpense": 130000000,
        "incomelossfromcontinuingoperationsbeforeincometaxesextraordinaryitemsnoncontrollinginterest": -9086000000,
        "incometaxexpensebenefit": 7903000000,
        "profitloss": -16989000000,
        "netincomelossattributabletononcontrollinginterest": -350000000,
        "netincomeloss": -16639000000,
        "earningspersharebasic": -3.88,
        "earningspersharediluted": -3.88,
        "weightedaveragenumberofsharesoutstandingbasic": 4292000000,
        "weightedaveragenumberofdilutedsharesoutstanding": 4292000000,
        "othercomprehensiveincomelosscashflowhedgegainlossafterreclassificationandtax": 512000000,
        "othercomprehensiveincomeforeigncurrencytransactionandtranslationgainlossarisingduringperiodnetoftax": -1000000,
        "othercomprehensiveincomelossnetoftax": 511000000,
        "comprehensiveincomenetoftaxincludingportionattributabletononcontrollinginterest": -16478000000,
        "comprehensiveincomenetoftaxattributabletononcontrollinginterest": -350000000,
        "comprehensiveincomenetoftax": -16128000000
    },
    {
        "date": "2024-06-28",
        "symbol": "INTC",
        "period": "Q2",
        "revenuefromcontractwithcustomerexcludingassessedtax": 12833000000,
        "costofgoodsandservicessold": 8286000000,
        "grossprofit": 4547000000,
        "researchanddevelopmentexpense": 4239000000,
        "sellinggeneralandadministrativeexpense": 1329000000,
        "restructuringsettlementandimpairmentprovisions": 943000000,
        "operatingexpenses": 6511000000,
        "operatingincomeloss": -1964000000,
        "equitysecuritiesfvnigainloss": -120000000,
        "nonoperatingincomeexpense": 80000000,
        "incomelossfromcontinuingoperationsbeforeincometaxesextraordinaryitemsnoncontrollinginterest": -2004000000,
        "incometaxexpensebenefit": -350000000,
        "profitloss": -1654000000,
        "netincomelossattributabletononcontrollinginterest": -44000000,
        "netincomeloss": -1610000000,
        "earningspersharebasic": -0.38,
        "earningspersharediluted": -0.38,
        "weightedaveragenumberofsharesoutstandingbasic": 4267000000,
        "weightedaveragenumberofdilutedsharesoutstanding": 4267000000,
        "othercomprehensiveincomelosscashflowhedgegainlossafterreclassificationandtax": -153000000,
        "othercomprehensiveincomeforeigncurrencytransactionandtranslationgainlossarisingduringperiodnetoftax": -1000000,
        "othercomprehensiveincomelossnetoftax": -154000000,
        "comprehensiveincomenetoftaxincludingportionattributabletononcontrollinginterest": -1808000000,
        "comprehensiveincomenetoftaxattributabletononcontrollinginterest": -44000000,
        "comprehensiveincomenetoftax": -1764000000
    },
    {
        "date": "2023-12-29",
        "symbol": "INTC",
        "period": "Q4",
        "revenuefromcontractwithcustomerexcludingassessedtax": 15406000000,
        "costofgoodsandservicessold": 8359000000,
        "grossprofit": 14763000000,
        "researchanddevelopmentexpense": 12386000000,
        "sellinggeneralandadministrativeexpense": 1617000000,
        "restructuringsettlementandimpairmentprovisions": -1142000000,
        "operatingexpenses": 4462000000,
        "operatingincomeloss": 3262000000,
        "equitysecuritiesfvnigainloss": 86000000,
        "nonoperatingincomeexpense": 117000000,
        "incomelossfromcontinuingoperationsbeforeincometaxesextraordinaryitemsnoncontrollinginterest": 2788000000,
        "incometaxexpensebenefit": 128000000,
        "profitloss": 1383000000,
        "netincomelossattributabletononcontrollinginterest": -27000000,
        "netincomeloss": 2669000000,
        "earningspersharebasic": 0.6400000000000001,
        "earningspersharediluted": 0.6400000000000001,
        "weightedaveragenumberofsharesoutstandingbasic": 4190000000,
        "weightedaveragenumberofdilutedsharesoutstanding": 4212000000,
        "othercomprehensiveincomelossnetoftax": 646000000,
        "comprehensiveincomenetoftaxincludingportionattributabletononcontrollinginterest": 3306000000,
        "comprehensiveincomenetoftaxattributabletononcontrollinginterest": -9000000,
        "comprehensiveincomenetoftax": 3315000000
    },
    {
        "date": "2023-09-29",
        "symbol": "INTC",
        "period": "Q3",
        "revenuefromcontractwithcustomerexcludingassessedtax": 14158000000,
        "costofgoodsandservicessold": 8140000000,
        "grossprofit": 6018000000,
        "researchanddevelopmentexpense": 3870000000,
        "sellinggeneralandadministrativeexpense": 1340000000,
        "restructuringsettlementandimpairmentprovisions": 816000000,
        "operatingexpenses": 6026000000,
        "operatingincomeloss": -8000000,
        "equitysecuritiesfvnigainloss": -191000000,
        "nonoperatingincomeexpense": 147000000,
        "incomelossfromcontinuingoperationsbeforeincometaxesextraordinaryitemsnoncontrollinginterest": -52000000,
        "incometaxexpensebenefit": -362000000,
        "profitloss": 310000000,
        "netincomelossattributabletononcontrollinginterest": 13000000,
        "netincomeloss": 297000000,
        "earningspersharebasic": 0.07,
        "earningspersharediluted": 0.07,
        "weightedaveragenumberofsharesoutstandingbasic": 4202000000,
        "weightedaveragenumberofdilutedsharesoutstanding": 4229000000,
        "othercomprehensiveincomelosscashflowhedgegainlossafterreclassificationandtax": -320000000,
        "othercomprehensiveincomedefinedbenefitplannetpriorservicecostscreditarisingduringperiodnetoftax": -2000000,
        "othercomprehensiveincomeforeigncurrencytransactionandtranslationgainlossarisingduringperiodnetoftax": 1000000,
        "othercomprehensiveincomelossnetoftax": -317000000,
        "comprehensiveincomenetoftaxincludingportionattributabletononcontrollinginterest": -7000000,
        "comprehensiveincomenetoftaxattributabletononcontrollinginterest": 13000000,
        "comprehensiveincomenetoftax": -20000000
    },
    {
        "date": "2023-06-30",
        "symbol": "INTC",
        "period": "Q2",
        "revenuefromcontractwithcustomerexcludingassessedtax": 12949000000,
        "costofgoodsandservicessold": 8311000000,
        "grossprofit": 570000000,
        "researchanddevelopmentexpense": -110000000,
        "sellinggeneralandadministrativeexpense": 1374000000,
        "restructuringsettlementandimpairmentprovisions": 200000000,
        "operatingexpenses": 5654000000,
        "operatingincomeloss": -1693000000,
        "equitysecuritiesfvnigainloss": -24000000,
        "nonoperatingincomeexpense": 224000000,
        "incomelossfromcontinuingoperationsbeforeincometaxesextraordinaryitemsnoncontrollinginterest": -816000000,
        "incometaxexpensebenefit": -2289000000,
        "profitloss": -8000000,
        "netincomelossattributabletononcontrollinginterest": -5000000,
        "netincomeloss": 1481000000,
        "earningspersharebasic": 0.35,
        "earningspersharediluted": 0.35,
        "weightedaveragenumberofsharesoutstandingbasic": 4182000000,
        "weightedaveragenumberofdilutedsharesoutstanding": 4196000000,
        "othercomprehensiveincomelosscashflowhedgegainlossafterreclassificationandtax": -131000000,
        "othercomprehensiveincomedefinedbenefitplannetpriorservicecostscreditarisingduringperiodnetoftax": -2000000,
        "othercomprehensiveincomeforeigncurrencytransactionandtranslationgainlossarisingduringperiodnetoftax": 4000000,
        "othercomprehensiveincomelossnetoftax": -125000000,
        "comprehensiveincomenetoftaxincludingportionattributabletononcontrollinginterest": 1348000000,
        "comprehensiveincomenetoftaxattributabletononcontrollinginterest": -8000000,
        "comprehensiveincomenetoftax": 1356000000
    },
    {
        "date": "2023-03-31",
        "symbol": "INTC",
        "period": "Q1",
        "revenuefromcontractwithcustomerexcludingassessedtax": 11715000000,
        "costofgoodsandservicessold": 7707000000,
        "grossprofit": 360000000,
        "researchanddevelopmentexpense": -100000000,
        "sellinggeneralandadministrativeexpense": 1303000000,
        "restructuringsettlementandimpairmentprovisions": 64000000,
        "operatingexpenses": 5476000000,
        "operatingincomeloss": -1468000000,
        "equitysecuritiesfvnigainloss": 169000000,
        "nonoperatingincomeexpense": 141000000,
        "incomelossfromcontinuingoperationsbeforeincometaxesextraordinaryitemsnoncontrollinginterest": -1158000000,
        "incometaxexpensebenefit": 1610000000,
        "profitloss": -10000000,
        "netincomelossattributabletononcontrollinginterest": 5000000,
        "netincomeloss": -2758000000,
        "earningspersharebasic": -0.66,
        "earningspersharediluted": -0.66,
        "weightedaveragenumberofsharesoutstandingbasic": 4154000000,
        "weightedaveragenumberofdilutedsharesoutstanding": 4154000000,
        "othercomprehensiveincomelosscashflowhedgegainlossafterreclassificationandtax": 142000000,
        "othercomprehensiveincomedefinedbenefitplannetpriorservicecostscreditarisingduringperiodnetoftax": -1000000,
        "othercomprehensiveincomelossnetoftax": 143000000,
        "comprehensiveincomenetoftaxincludingportionattributabletononcontrollinginterest": -2625000000,
        "comprehensiveincomenetoftaxattributabletononcontrollinginterest": -10000000,
        "comprehensiveincomenetoftax": -2615000000
    },
    {
        "date": "2022-12-30",
        "symbol": "INTC",
        "period": "Q4",
        "revenuefromcontractwithcustomerexcludingassessedtax": 63465000000,
        "costofgoodsandservicessold": 8542000000,
        "grossprofit": 5500000000,
        "researchanddevelopmentexpense": 4464000000,
        "sellinggeneralandadministrativeexpense": 1706000000,
        "restructuringsettlementandimpairmentprovisions": 462000000,
        "operatingexpenses": 6632000000,
        "operatingincomeloss": 5950000000,
        "equitysecuritiesfvnigainloss": 186000000,
        "nonoperatingincomeexpense": 150000000,
        "incomelossfromcontinuingoperationsbeforeincometaxesextraordinaryitemsnoncontrollinginterest": -796000000,
        "incometaxexpensebenefit": -135000000,
        "netincomeloss": -664000000,
        "earningspersharebasic": -0.1599999999999997,
        "earningspersharediluted": -0.15999999999999992,
        "weightedaveragenumberofsharesoutstandingbasic": 4000000,
        "weightedaveragenumberofdilutedsharesoutstanding": 0,
        "othercomprehensiveincomelosscashflowhedgegainlossafterreclassificationandtaxparent": 668000000,
        "othercomprehensiveincomelossnetoftax": 1489000000,
        "comprehensiveincomenetoftax": 825000000
    },
    {
        "date": "2022-09-30",
        "symbol": "INTC",
        "period": "Q3",
        "revenuefromcontractwithcustomerexcludingassessedtax": -134000000,
        "costofgoodsandservicessold": 8803000000,
        "grossprofit": 6535000000,
        "researchanddevelopmentexpense": 4302000000,
        "sellinggeneralandadministrativeexpense": 1744000000,
        "restructuringsettlementandimpairmentprovisions": 664000000,
        "operatingexpenses": 6710000000,
        "operatingincomeloss": -1583000000,
        "equitysecuritiesfvnigainloss": -151000000,
        "nonoperatingincomeexpense": 138000000,
        "incomelossfromcontinuingoperationsbeforeincometaxesextraordinaryitemsnoncontrollinginterest": -188000000,
        "incometaxexpensebenefit": -1207000000,
        "netincomeloss": 1019000000,
        "earningspersharebasic": 0.22999999999999976,
        "earningspersharediluted": 0.22999999999999998,
        "weightedaveragenumberofsharesoutstandingbasic": -4075000000,
        "weightedaveragenumberofdilutedsharesoutstanding": -4084000000,
        "othercomprehensiveincomelosscashflowhedgegainlossafterreclassificationandtaxparent": -436000000,
        "othercomprehensiveincomedefinedbenefitplannetpriorservicecostscreditarisingduringperiodnetoftax": -10000000,
        "othercomprehensiveincomeforeigncurrencytransactionandtranslationgainlossarisingduringperiodnetoftax": 0,
        "othercomprehensiveincomelossnetoftax": -426000000,
        "comprehensiveincomenetoftax": 593000000
    },
    {
        "date": "2022-07-01",
        "symbol": "INTC",
        "period": "Q2",
        "revenuefromcontractwithcustomerexcludingassessedtax": -126000000,
        "costofgoodsandservicessold": 9734000000,
        "grossprofit": 5587000000,
        "researchanddevelopmentexpense": 4400000000,
        "sellinggeneralandadministrativeexpense": 1800000000,
        "restructuringsettlementandimpairmentprovisions": 87000000,
        "operatingexpenses": 6287000000,
        "operatingincomeloss": -1768000000,
        "equitysecuritiesfvnigainloss": -90000000,
        "nonoperatingincomeexpense": -119000000,
        "incomelossfromcontinuingoperationsbeforeincometaxesextraordinaryitemsnoncontrollinginterest": -909000000,
        "incometaxexpensebenefit": -455000000,
        "netincomeloss": -454000000,
        "earningspersharebasic": -0.11,
        "earningspersharediluted": -0.11,
        "weightedaveragenumberofsharesoutstandingbasic": 4100000000,
        "weightedaveragenumberofdilutedsharesoutstanding": 4100000000,
        "othercomprehensiveincomelosscashflowhedgegainlossafterreclassificationandtaxparent": -627000000,
        "othercomprehensiveincomedefinedbenefitplannetpriorservicecostscreditarisingduringperiodnetoftax": -9000000,
        "othercomprehensiveincomeforeigncurrencytransactionandtranslationgainlossarisingduringperiodnetoftax": -5000000,
        "othercomprehensiveincomelossnetoftax": -623000000,
        "comprehensiveincomenetoftax": -1077000000
    },
    {
        "date": "2022-04-01",
        "symbol": "INTC",
        "period": "Q1",
        "revenuefromcontractwithcustomerexcludingassessedtax": -151000000,
        "costofgoodsandservicessold": 9109000000,
        "grossprofit": 9244000000,
        "researchanddevelopmentexpense": 4362000000,
        "sellinggeneralandadministrativeexpense": 1752000000,
        "restructuringsettlementandimpairmentprovisions": -1211000000,
        "operatingexpenses": 4903000000,
        "operatingincomeloss": -265000000,
        "equitysecuritiesfvnigainloss": 4323000000,
        "nonoperatingincomeexpense": 997000000,
        "incomelossfromcontinuingoperationsbeforeincometaxesextraordinaryitemsnoncontrollinginterest": 9661000000,
        "incometaxexpensebenefit": 1548000000,
        "netincomeloss": 8113000000,
        "earningspersharebasic": 1.99,
        "earningspersharediluted": 1.98,
        "weightedaveragenumberofsharesoutstandingbasic": 4079000000,
        "weightedaveragenumberofdilutedsharesoutstanding": 4107000000,
        "othercomprehensiveincomelosscashflowhedgegainlossafterreclassificationandtaxparent": -115000000,
        "othercomprehensiveincomedefinedbenefitplannetpriorservicecostscreditarisingduringperiodnetoftax": -18000000,
        "othercomprehensiveincomeforeigncurrencytransactionandtranslationgainlossarisingduringperiodnetoftax": -25000000,
        "othercomprehensiveincomelossnetoftax": -122000000,
        "comprehensiveincomenetoftax": 7991000000
    },
    {
        "date": "2021-12-24",
        "symbol": "INTC",
        "period": "Q4",
        "revenuefromcontractwithcustomerexcludingassessedtax": 36177000000,
        "costofgoodsandservicessold": 9519000000,
        "grossprofit": 11009000000,
        "researchanddevelopmentexpense": 4049000000,
        "sellinggeneralandadministrativeexpense": 1942000000,
        "restructuringsettlementandimpairmentprovisions": 29000000,
        "operatingexpenses": 6020000000,
        "operatingincomeloss": 11262000000,
        "nonoperatingincomeexpense": -154000000,
        "incomelossfromcontinuingoperationsbeforeincometaxesextraordinaryitemsnoncontrollinginterest": 5194000000,
        "incometaxexpensebenefit": 571000000,
        "netincomeloss": 4623000000,
        "earningspersharebasic": 1.13,
        "earningspersharediluted": 1.1300000000000003,
        "weightedaveragenumberofsharesoutstandingbasic": -8107000000,
        "weightedaveragenumberofdilutedsharesoutstanding": -8176000000,
        "othercomprehensiveincomeforeigncurrencytransactionandtranslationgainlossarisingduringperiodnetoftax": -16000000,
        "othercomprehensiveincomelossnetoftax": 267000000,
        "comprehensiveincomenetoftax": 4890000000
    },
    {
        "date": "2021-09-24",
        "symbol": "INTC",
        "period": "Q3",
        "revenuefromcontractwithcustomerexcludingassessedtax": 3543000000,
        "costofgoodsandservicessold": 8446000000,
        "grossprofit": 10746000000,
        "researchanddevelopmentexpense": 3803000000,
        "sellinggeneralandadministrativeexpense": 1674000000,
        "restructuringsettlementandimpairmentprovisions": 42000000,
        "operatingexpenses": 5519000000,
        "operatingincomeloss": -1046000000,
        "equitysecuritiesfvnigainloss": 1707000000,
        "nonoperatingincomeexpense": -76000000,
        "incomelossfromcontinuingoperationsbeforeincometaxesextraordinaryitemsnoncontrollinginterest": 6858000000,
        "incometaxexpensebenefit": 35000000,
        "netincomeloss": 6823000000,
        "earningspersharebasic": 1.68,
        "earningspersharediluted": 1.67,
        "weightedaveragenumberofsharesoutstandingbasic": 4061000000,
        "weightedaveragenumberofdilutedsharesoutstanding": 4086000000,
        "othercomprehensiveincomelosscashflowhedgegainlossafterreclassificationandtaxparent": -46000000,
        "othercomprehensiveincomedefinedbenefitplannetpriorservicecostscreditarisingduringperiodnetoftax": -13000000,
        "othercomprehensiveincomeforeigncurrencytransactionandtranslationgainlossarisingduringperiodnetoftax": -19000000,
        "othercomprehensiveincomelossnetoftax": -52000000,
        "comprehensiveincomenetoftax": 6771000000
    },
    {
        "date": "2021-06-25",
        "symbol": "INTC",
        "period": "Q2",
        "revenuefromcontractwithcustomerexcludingassessedtax": 19631000000,
        "costofgoodsandservicessold": 8425000000,
        "grossprofit": 11206000000,
        "researchanddevelopmentexpense": 3715000000,
        "sellinggeneralandadministrativeexpense": 1599000000,
        "restructuringsettlementandimpairmentprovisions": 346000000,
        "operatingexpenses": 5660000000,
        "operatingincomeloss": 5546000000,
        "equitysecuritiesfvnigainloss": 295000000,
        "nonoperatingincomeexpense": -96000000,
        "incomelossfromcontinuingoperationsbeforeincometaxesextraordinaryitemsnoncontrollinginterest": 5745000000,
        "incometaxexpensebenefit": 684000000,
        "netincomeloss": 5061000000,
        "earningspersharebasic": 1.25,
        "earningspersharediluted": 1.24,
        "weightedaveragenumberofsharesoutstandingbasic": 4049000000,
        "weightedaveragenumberofdilutedsharesoutstanding": 4084000000,
        "othercomprehensiveincomeunrealizedgainlossonderivativesarisingduringperiodnetoftax": 6000000,
        "othercomprehensiveincomedefinedbenefitplannetpriorservicecostscreditarisingduringperiodnetoftax": -12000000,
        "othercomprehensiveincomeforeigncurrencytransactionandtranslationgainlossarisingduringperiodnetoftax": -10000000,
        "othercomprehensiveincomelossnetoftax": 8000000,
        "comprehensiveincomenetoftax": 5069000000
    },
    {
        "date": "2021-03-26",
        "symbol": "INTC",
        "period": "Q1",
        "revenuefromcontractwithcustomerexcludingassessedtax": 19673000000,
        "costofgoodsandservicessold": 8819000000,
        "grossprofit": 10854000000,
        "researchanddevelopmentexpense": 3623000000,
        "sellinggeneralandadministrativeexpense": 1328000000,
        "restructuringsettlementandimpairmentprovisions": 2209000000,
        "operatingexpenses": 7160000000,
        "operatingincomeloss": 3694000000,
        "equitysecuritiesfvnigainloss": 368000000,
        "nonoperatingincomeexpense": -156000000,
        "incomelossfromcontinuingoperationsbeforeincometaxesextraordinaryitemsnoncontrollinginterest": 3906000000,
        "incometaxexpensebenefit": 545000000,
        "netincomeloss": 3361000000,
        "earningspersharebasic": 0.83,
        "earningspersharediluted": 0.82,
        "weightedaveragenumberofsharesoutstandingbasic": 4056000000,
        "weightedaveragenumberofdilutedsharesoutstanding": 4096000000,
        "othercomprehensiveincomelossderivativesqualifyingashedgesnetoftax": -350000000,
        "othercomprehensiveincomedefinedbenefitplannetpriorservicecostscreditarisingduringperiodnetoftax": -13000000,
        "othercomprehensiveincomeforeigncurrencytransactionandtranslationgainlossarisingduringperiodnetoftax": -15000000,
        "othercomprehensiveincomelossnetoftax": -352000000,
        "comprehensiveincomenetoftax": 3009000000
    },
    {
        "date": "2020-12-25",
        "symbol": "INTC",
        "period": "Q4",
        "revenuefromcontractwithcustomerexcludingassessedtax": 49514000000,
        "costofgoodsandservicessold": 8630000000,
        "grossprofit": 11348000000,
        "researchanddevelopmentexpense": 3655000000,
        "sellinggeneralandadministrativeexpense": 1757000000,
        "restructuringsettlementandimpairmentprovisions": 52000000,
        "operatingexpenses": 5464000000,
        "operatingincomeloss": 17927000000,
        "nonoperatingincomeexpense": -88000000,
        "incomelossfromcontinuingoperationsbeforeincometaxesextraordinaryitemsnoncontrollinginterest": 7488000000,
        "incometaxexpensebenefit": 1631000000,
        "netincomeloss": 5857000000,
        "earningspersharebasic": 1.4300000000000006,
        "earningspersharediluted": 1.4200000000000004,
        "weightedaveragenumberofsharesoutstandingbasic": -8501000000,
        "weightedaveragenumberofdilutedsharesoutstanding": -8575000000,
        "othercomprehensiveincomelossderivativesqualifyingashedgesnetoftax": 420000000,
        "othercomprehensiveincomeforeigncurrencytransactionandtranslationgainlossarisingduringperiodnetoftax": -14000000,
        "othercomprehensiveincomelossnetoftax": 189000000,
        "comprehensiveincomenetoftax": 6046000000
    },
    {
        "date": "2020-09-25",
        "symbol": "INTC",
        "period": "Q3",
        "revenuefromcontractwithcustomerexcludingassessedtax": 3825000000,
        "costofgoodsandservicessold": 8592000000,
        "grossprofit": 9741000000,
        "researchanddevelopmentexpense": 3272000000,
        "sellinggeneralandadministrativeexpense": 1435000000,
        "restructuringsettlementandimpairmentprovisions": -25000000,
        "operatingexpenses": 4682000000,
        "operatingincomeloss": -575000000,
        "equitysecuritiesfvnigainloss": 56000000,
        "nonoperatingincomeexpense": -74000000,
        "incomelossfromcontinuingoperationsbeforeincometaxesextraordinaryitemsnoncontrollinginterest": 5041000000,
        "incometaxexpensebenefit": 765000000,
        "netincomeloss": 4276000000,
        "earningspersharebasic": 1.02,
        "earningspersharediluted": 1.02,
        "weightedaveragenumberofsharesoutstandingbasic": 4188000000,
        "weightedaveragenumberofdilutedsharesoutstanding": 4211000000,
        "othercomprehensiveincomelossderivativesqualifyingashedgesnetoftax": 206000000,
        "othercomprehensiveincomedefinedbenefitplannetpriorservicecostscreditarisingduringperiodnetoftax": -11000000,
        "othercomprehensiveincomeforeigncurrencytransactionandtranslationgainlossarisingduringperiodnetoftax": -5000000,
        "othercomprehensiveincomelossnetoftax": 212000000,
        "comprehensiveincomenetoftax": 4488000000
    },
    {
        "date": "2020-06-26",
        "symbol": "INTC",
        "period": "Q2",
        "revenuefromcontractwithcustomerexcludingassessedtax": 4700000000,
        "costofgoodsandservicessold": 9221000000,
        "grossprofit": 10507000000,
        "researchanddevelopmentexpense": 3354000000,
        "sellinggeneralandadministrativeexpense": 1447000000,
        "restructuringsettlementandimpairmentprovisions": 9000000,
        "operatingexpenses": 4810000000,
        "operatingincomeloss": -712000000,
        "equitysecuritiesfvnigainloss": 267000000,
        "nonoperatingincomeexpense": -29000000,
        "incomelossfromcontinuingoperationsbeforeincometaxesextraordinaryitemsnoncontrollinginterest": 5935000000,
        "incometaxexpensebenefit": 830000000,
        "netincomeloss": 5105000000,
        "earningspersharebasic": 1.2,
        "earningspersharediluted": 1.19,
        "weightedaveragenumberofsharesoutstandingbasic": 4246000000,
        "weightedaveragenumberofdilutedsharesoutstanding": 4284000000,
        "othercomprehensiveincomelossderivativesqualifyingashedgesnetoftax": 319000000,
        "othercomprehensiveincomedefinedbenefitplannetpriorservicecostscreditarisingduringperiodnetoftax": -11000000,
        "othercomprehensiveincomeforeigncurrencytransactionandtranslationgainlossarisingduringperiodnetoftax": 59000000,
        "othercomprehensiveincomelossnetoftax": 389000000,
        "comprehensiveincomenetoftax": 5494000000
    },
    {
        "date": "2020-03-27",
        "symbol": "INTC",
        "period": "Q1",
        "netincomeloss": 5661000000,
        "othercomprehensiveincomelossderivativesqualifyingashedgesnetoftax": -268000000,
        "othercomprehensiveincomedefinedbenefitplannetpriorservicecostscreditarisingduringperiodnetoftax": -12000000,
        "othercomprehensiveincomeforeigncurrencytransactionandtranslationgainlossarisingduringperiodnetoftax": -5000000,
        "othercomprehensiveincomelossnetoftax": -261000000,
        "comprehensiveincomenetoftax": 5400000000,
        "revenuefromcontractwithcustomerexcludingassessedtax": 19828000000,
        "costofgoodsandservicessold": 7812000000,
        "grossprofit": 12016000000,
        "researchanddevelopmentexpense": 3275000000,
        "sellinggeneralandadministrativeexpense": 1541000000,
        "restructuringsettlementandimpairmentprovisions": 162000000,
        "operatingexpenses": 4978000000,
        "operatingincomeloss": 7038000000,
        "equitysecuritiesfvnigainloss": -111000000,
        "nonoperatingincomeexpense": -313000000,
        "incomelossfromcontinuingoperationsbeforeincometaxesextraordinaryitemsnoncontrollinginterest": 6614000000,
        "incometaxexpensebenefit": 953000000,
        "earningspersharebasic": 1.33,
        "earningspersharediluted": 1.31,
        "weightedaveragenumberofsharesoutstandingbasic": 4266000000,
        "weightedaveragenumberofdilutedsharesoutstanding": 4312000000
    },
    {
        "date": "2019-12-27",
        "symbol": "INTC",
        "period": "Q4",
        "netincomeloss": 6905000000,
        "othercomprehensiveincomelossderivativesqualifyingashedgesnetoftax": 39000000,
        "othercomprehensiveincomeforeigncurrencytransactionandtranslationgainlossarisingduringperiodnetoftax": -7000000,
        "othercomprehensiveincomelossnetoftax": -558000000,
        "comprehensiveincomenetoftax": 6347000000,
        "revenuefromcontractwithcustomerexcludingassessedtax": 20209000000,
        "costofgoodsandservicessold": 8331000000,
        "grossprofit": 11878000000,
        "researchanddevelopmentexpense": 3384000000,
        "sellinggeneralandadministrativeexpense": 1542000000,
        "depreciationandamortization": 50000000,
        "operatingexpenses": 5081000000,
        "operatingincomeloss": 6797000000,
        "gainlossoninvestments": 617000000,
        "nonoperatingincomeexpense": 654000000,
        "incomelossfromcontinuingoperationsbeforeincometaxesextraordinaryitemsnoncontrollinginterest": 8068000000,
        "incometaxexpensebenefit": 1163000000,
        "earningspersharebasic": 1.5899999999999994,
        "earningspersharediluted": 1.5699999999999998,
        "weightedaveragenumberofsharesoutstandingbasic": -8932000000,
        "weightedaveragenumberofdilutedsharesoutstanding": -9047000000
    },
    {
        "date": "2019-09-27",
        "symbol": "INTC",
        "period": "Q3",
        "netincomeloss": 5990000000,
        "othercomprehensiveincomelossderivativesqualifyingashedgesnetoftax": -115000000,
        "othercomprehensiveincomedefinedbenefitplannetpriorservicecostscreditarisingduringperiodnetoftax": -9000000,
        "othercomprehensiveincomeforeigncurrencytransactionandtranslationgainlossarisingduringperiodnetoftax": 6000000,
        "othercomprehensiveincomelossnetoftax": -100000000,
        "comprehensiveincomenetoftax": 5890000000,
        "revenuefromcontractwithcustomerexcludingassessedtax": 19190000000,
        "costofgoodsandservicessold": 7895000000,
        "grossprofit": 11295000000,
        "researchanddevelopmentexpense": 3208000000,
        "sellinggeneralandadministrativeexpense": 1486000000,
        "restructuringsettlementandimpairmentprovisions": 104000000,
        "depreciationandamortization": 50000000,
        "operatingexpenses": 4848000000,
        "operatingincomeloss": 6447000000,
        "gainlossoninvestments": 318000000,
        "nonoperatingincomeexpense": -46000000,
        "incomelossfromcontinuingoperationsbeforeincometaxesextraordinaryitemsnoncontrollinginterest": 6719000000,
        "incometaxexpensebenefit": 729000000,
        "earningspersharebasic": 1.36,
        "earningspersharediluted": 1.35,
        "weightedaveragenumberofsharesoutstandingbasic": 4391000000,
        "weightedaveragenumberofdilutedsharesoutstanding": 4433000000
    },
    {
        "date": "2019-06-28",
        "symbol": "INTC",
        "period": "Q2",
        "netincomeloss": 4179000000,
        "othercomprehensiveincomelossderivativesqualifyingashedgesnetoftax": 151000000,
        "othercomprehensiveincomedefinedbenefitplannetpriorservicecostscreditarisingduringperiodnetoftax": -8000000,
        "othercomprehensiveincomeforeigncurrencytransactionandtranslationgainlossarisingduringperiodnetoftax": 32000000,
        "othercomprehensiveincomelossnetoftax": 191000000,
        "comprehensiveincomenetoftax": 4370000000,
        "revenuefromcontractwithcustomerexcludingassessedtax": 16505000000,
        "costofgoodsandservicessold": 6627000000,
        "grossprofit": 9878000000,
        "researchanddevelopmentexpense": 3438000000,
        "sellinggeneralandadministrativeexpense": 1589000000,
        "restructuringsettlementandimpairmentprovisions": 184000000,
        "depreciationandamortization": 50000000,
        "operatingexpenses": 5261000000,
        "operatingincomeloss": 4617000000,
        "gainlossoninvestments": 170000000,
        "nonoperatingincomeexpense": -63000000,
        "incomelossfromcontinuingoperationsbeforeincometaxesextraordinaryitemsnoncontrollinginterest": 4724000000,
        "incometaxexpensebenefit": 545000000,
        "earningspersharebasic": 0.94,
        "earningspersharediluted": 0.92,
        "weightedaveragenumberofsharesoutstandingbasic": 4466000000,
        "weightedaveragenumberofdilutedsharesoutstanding": 4523000000
    },
    {
        "date": "2019-03-29",
        "symbol": "INTC",
        "period": "Q1",
        "netincomeloss": 3974000000,
        "othercomprehensiveincomelossderivativesqualifyingashedgesnetoftax": 102000000,
        "othercomprehensiveincomedefinedbenefitplannetpriorservicecostscreditarisingduringperiodnetoftax": -9000000,
        "othercomprehensiveincomeforeigncurrencytransactionandtranslationgainlossarisingduringperiodnetoftax": 50000000,
        "othercomprehensiveincomelossnetoftax": 161000000,
        "comprehensiveincomenetoftax": 4135000000,
        "revenuefromcontractwithcustomerexcludingassessedtax": 16061000000,
        "costofgoodsandservicessold": 6972000000,
        "grossprofit": 9089000000,
        "researchanddevelopmentexpense": 3332000000,
        "sellinggeneralandadministrativeexpense": 1533000000,
        "depreciationandamortization": 50000000,
        "operatingexpenses": 4915000000,
        "operatingincomeloss": 4174000000,
        "gainlossoninvestments": 434000000,
        "nonoperatingincomeexpense": -61000000,
        "incomelossfromcontinuingoperationsbeforeincometaxesextraordinaryitemsnoncontrollinginterest": 4547000000,
        "incometaxexpensebenefit": 573000000,
        "earningspersharebasic": 0.88,
        "earningspersharediluted": 0.87,
        "commonstockdividendspersharedeclared": 0.63,
        "weightedaveragenumberofsharesoutstandingbasic": 4492000000,
        "weightedaveragenumberofdilutedsharesoutstanding": 4564000000
    },
    {
        "date": "2018-12-28",
        "symbol": "INTC",
        "period": "Q4",
        "netincomeloss": 5251000000,
        "othercomprehensiveincomelossderivativesqualifyingashedgesnetoftax": -54000000,
        "othercomprehensiveincomeforeigncurrencytransactionandtranslationgainlossarisingduringperiodnetoftax": 12000000,
        "othercomprehensiveincomelossnetoftax": 24000000,
        "comprehensiveincomenetoftax": 5324000000,
        "costofgoodsandservicessold": 7360000000,
        "grossprofit": 10947000000,
        "researchanddevelopmentexpense": 19000000,
        "sellinggeneralandadministrativeexpense": 1520000000,
        "depreciationandamortization": 185000000,
        "operatingexpenses": 5003000000,
        "operatingincomeloss": -828000000,
        "gainlossoninvestments": -490000000,
        "nonoperatingincomeexpense": -99000000,
        "incomelossfromcontinuingoperationsbeforeincometaxesextraordinaryitemsnoncontrollinginterest": -64000000,
        "incometaxexpensebenefit": 380000000,
        "earningspersharebasic": 1.1400000000000008,
        "earningspersharediluted": 1.1200000000000006,
        "weightedaveragenumberofsharesoutstandingbasic": -4624000000,
        "weightedaveragenumberofdilutedsharesoutstanding": -4715000000
    },
    {
        "date": "2018-09-28",
        "symbol": "INTC",
        "period": "Q3",
        "netincomeloss": 6450000000,
        "othercomprehensiveincomelossderivativesqualifyingashedgesnetoftax": -25000000,
        "othercomprehensiveincomedefinedbenefitplannetpriorservicecostscreditarisingduringperiodnetoftax": -13000000,
        "othercomprehensiveincomeforeigncurrencytransactionandtranslationgainlossarisingduringperiodnetoftax": -2000000,
        "othercomprehensiveincomelossnetoftax": -14000000,
        "comprehensiveincomenetoftax": 6384000000,
        "revenuefromcontractwithcustomerexcludingassessedtax": 294000000,
        "costofgoodsandservicessold": 6849000000,
        "grossprofit": 12432000000,
        "researchanddevelopmentexpense": 11000000,
        "sellinggeneralandadministrativeexpense": 1605000000,
        "restructuringsettlementandimpairmentprovisions": -72000000,
        "depreciationandamortization": 5000000,
        "operatingexpenses": 5011000000,
        "operatingincomeloss": -852000000,
        "gainlossoninvestments": -75000000,
        "nonoperatingincomeexpense": -132000000,
        "incomelossfromcontinuingoperationsbeforeincometaxesextraordinaryitemsnoncontrollinginterest": -32000000,
        "incometaxexpensebenefit": 764000000,
        "earningspersharebasic": 1.4,
        "earningspersharediluted": 1.38,
        "commonstockdividendspersharedeclared": 0.6,
        "weightedaveragenumberofsharesoutstandingbasic": 4574000000,
        "weightedaveragenumberofdilutedsharesoutstanding": 4648000000
    },
    {
        "date": "2018-06-29",
        "symbol": "INTC",
        "period": "Q2",
        "netincomeloss": 5105000000,
        "othercomprehensiveincomelossderivativesqualifyingashedgesnetoftax": -293000000,
        "othercomprehensiveincomedefinedbenefitplannetpriorservicecostscreditarisingduringperiodnetoftax": 122000000,
        "othercomprehensiveincomeforeigncurrencytransactionandtranslationgainlossarisingduringperiodnetoftax": 9000000,
        "othercomprehensiveincomelossnetoftax": 9000000,
        "comprehensiveincomenetoftax": 4600000000,
        "salesrevenuenet": 209000000,
        "costofgoodsandservicessold": 6517000000,
        "grossprofit": 10523000000,
        "researchanddevelopmentexpense": -30000000,
        "sellinggeneralandadministrativeexpense": 1707000000,
        "depreciationandamortization": 5000000,
        "operatingexpenses": 5146000000,
        "operatingincomeloss": -977000000,
        "gainlossoninvestments": -203000000,
        "nonoperatingincomeexpense": 459000000,
        "incomelossfromcontinuingoperationsbeforeincometaxesextraordinaryitemsnoncontrollinginterest": 34000000,
        "incometaxexpensebenefit": 546000000,
        "earningspersharebasic": 1.0799999999999998,
        "earningspersharediluted": 1.0499999999999998,
        "commonstockdividendspersharedeclared": 0,
        "weightedaveragenumberofsharesoutstandingbasic": -13000000,
        "weightedaveragenumberofdilutedsharesoutstanding": -22000000
    },
    {
        "date": "2018-03-30",
        "symbol": "INTC",
        "period": "Q1",
        "netincomeloss": 4247000000,
        "othercomprehensiveincomelossderivativesqualifyingashedgesnetoftax": 119000000,
        "othercomprehensiveincomedefinedbenefitplannetpriorservicecostscreditarisingduringperiodnetoftax": -148000000,
        "othercomprehensiveincomeforeigncurrencytransactionandtranslationgainlossarisingduringperiodnetoftax": -22000000,
        "othercomprehensiveincomelossnetoftax": -22000000,
        "comprehensiveincomenetoftax": 4699000000,
        "salesrevenuenet": 234000000,
        "costofgoodsandservicessold": 6179000000,
        "grossprofit": 9425000000,
        "researchanddevelopmentexpense": -41000000,
        "sellinggeneralandadministrativeexpense": 1848000000,
        "depreciationandamortization": 5000000,
        "operatingexpenses": 5261000000,
        "operatingincomeloss": -1166000000,
        "gainlossoninvestments": 643000000,
        "nonoperatingincomeexpense": -102000000,
        "incomelossfromcontinuingoperationsbeforeincometaxesextraordinaryitemsnoncontrollinginterest": 53000000,
        "incometaxexpensebenefit": 510000000,
        "earningspersharebasic": 0.95,
        "earningspersharediluted": 0.93,
        "commonstockdividendspersharedeclared": 0.6,
        "weightedaveragenumberofsharesoutstandingbasic": 4674000000,
        "weightedaveragenumberofdilutedsharesoutstanding": 4790000000
    },
    {
        "date": "2017-12-29",
        "symbol": "INTC",
        "period": "Q4",
        "netincomeloss": -687000000,
        "othercomprehensiveincomelossavailableforsalesecuritiesadjustmentnetoftax": -844000000,
        "othercomprehensiveincomelossderivativesqualifyingashedgesnetoftax": 15000000,
        "othercomprehensiveincomedefinedbenefitplansnetunamortizedgainlossarisingduringperiodnetoftax": 76000000,
        "othercomprehensiveincomeforeigncurrencytransactionandtranslationgainlossarisingduringperiodnetoftax": -3000000,
        "othercomprehensiveincomelossnetoftax": -434000000,
        "comprehensiveincomenetoftax": -1435000000,
        "salesrevenuenet": 9697000000,
        "costofgoodsandservicessold": 5000000,
        "grossprofit": 10767000000,
        "researchanddevelopmentexpense": -35000000,
        "sellinggeneralandadministrativeexpense": -9000000,
        "restructuringsettlementandimpairmentprovisions": 186000000,
        "operatingexpenses": 5372000000,
        "operatingincomeloss": -1307000000,
        "gainlossoninvestments": 1469000000,
        "incomelossfromcontinuingoperationsbeforeincometaxesextraordinaryitemsnoncontrollinginterest": 1469000000,
        "incometaxexpensebenefit": 1371000000,
        "earningspersharebasic": -0.1399999999999999,
        "earningspersharediluted": -0.1399999999999999,
        "weightedaveragenumberofsharesoutstandingbasic": -4704000000,
        "weightedaveragenumberofdilutedsharesoutstanding": -4850000000
    },
    {
        "date": "2017-09-29",
        "symbol": "INTC",
        "period": "Q3",
        "netincomeloss": 4516000000,
        "othercomprehensiveincomelossavailableforsalesecuritiesadjustmentnetoftax": 399000000,
        "othercomprehensiveincomelossderivativesqualifyingashedgesnetoftax": 19000000,
        "othercomprehensiveincomedefinedbenefitplannetpriorservicecostscreditarisingduringperiodnetoftax": -2000000,
        "othercomprehensiveincomedefinedbenefitplansnetunamortizedgainlossarisingduringperiodnetoftax": 11000000,
        "othercomprehensiveincomeforeigncurrencytransactionandtranslationgainlossarisingduringperiodnetoftax": 5000000,
        "othercomprehensiveincomelossnetoftax": 436000000,
        "comprehensiveincomenetoftax": 4952000000,
        "salesrevenuenet": 202000000,
        "costofgoodsandservicessold": 13000000,
        "grossprofit": 10057000000,
        "researchanddevelopmentexpense": -24000000,
        "sellinggeneralandadministrativeexpense": -4000000,
        "restructuringsettlementandimpairmentprovisions": 2000000,
        "depreciationandamortization": 4000000,
        "operatingexpenses": 4942000000,
        "operatingincomeloss": -947000000,
        "gainlossoninvestments": 916000000,
        "nonoperatingincomeexpense": -31000000,
        "incomelossfromcontinuingoperationsbeforeincometaxesextraordinaryitemsnoncontrollinginterest": 916000000,
        "incometaxexpensebenefit": 1414000000,
        "earningspersharebasic": 0.96,
        "earningspersharediluted": 0.94,
        "commonstockdividendspersharedeclared": 0.545,
        "weightedaveragenumberofsharesoutstandingbasic": 4688000000,
        "weightedaveragenumberofdilutedsharesoutstanding": 4821000000
    },
    {
        "date": "2017-06-30",
        "symbol": "INTC",
        "period": "Q2",
        "netincomeloss": 2808000000,
        "othercomprehensiveincomelossavailableforsalesecuritiesadjustmentnetoftax": -534000000,
        "othercomprehensiveincomelossderivativesqualifyingashedgesnetoftax": 136000000,
        "othercomprehensiveincomedefinedbenefitplannetpriorservicecostscreditarisingduringperiodnetoftax": 12000000,
        "othercomprehensiveincomedefinedbenefitplansnetunamortizedgainlossarisingduringperiodnetoftax": 214000000,
        "othercomprehensiveincomeforeigncurrencytransactionandtranslationgainlossarisingduringperiodnetoftax": 507000000,
        "othercomprehensiveincomelossnetoftax": 507000000,
        "comprehensiveincomenetoftax": 3119000000,
        "salesrevenuenet": -14076000000,
        "costofgoodsandservicessold": 27000000,
        "grossprofit": 9098000000,
        "researchanddevelopmentexpense": -2000000,
        "sellinggeneralandadministrativeexpense": 1000000,
        "restructuringsettlementandimpairmentprovisions": -42000000,
        "amortizationofacquisitionrelatedintangibleassets": 37000000,
        "operatingexpenses": 5271000000,
        "operatingincomeloss": -5571000000,
        "gainlossoninvestments": 783000000,
        "othernonoperatingincomeexpense": -545000000,
        "incomelossfromcontinuingoperationsbeforeincometaxesextraordinaryitemsnoncontrollinginterest": 783000000,
        "incometaxexpensebenefit": 1764000000,
        "earningspersharebasic": 0.59,
        "earningspersharediluted": 0.58,
        "commonstockdividendspersharedeclared": 0,
        "weightedaveragenumberofsharesoutstandingbasic": -6000000,
        "weightedaveragenumberofdilutedsharesoutstanding": -17000000
    },
    {
        "date": "2017-03-31",
        "symbol": "INTC",
        "period": "Q1",
        "netincomeloss": 2964000000,
        "othercomprehensiveincomelossavailableforsalesecuritiesadjustmentnetoftax": 543000000,
        "othercomprehensiveincomelossderivativesqualifyingashedgesnetoftax": 195000000,
        "othercomprehensiveincomedefinedbenefitplannetpriorservicecostscreditarisingduringperiodnetoftax": -2000000,
        "othercomprehensiveincomedefinedbenefitplansnetunamortizedgainlossarisingduringperiodnetoftax": 16000000,
        "othercomprehensiveincomeforeigncurrencytransactionandtranslationgainlossarisingduringperiodnetoftax": 1000000,
        "othercomprehensiveincomelossnetoftax": 1000000,
        "comprehensiveincomenetoftax": 3721000000,
        "salesrevenuenet": 14796000000,
        "costofgoodsandservicessold": 20000000,
        "grossprofit": 9147000000,
        "researchanddevelopmentexpense": 16000000,
        "sellinggeneralandadministrativeexpense": 5000000,
        "restructuringsettlementandimpairmentprovisions": -11000000,
        "amortizationofacquisitionrelatedintangibleassets": 38000000,
        "operatingexpenses": 5548000000,
        "operatingincomeloss": 3599000000,
        "gainlossoninvestments": 263000000,
        "othernonoperatingincomeexpense": 38000000,
        "incomelossfromcontinuingoperationsbeforeincometaxesextraordinaryitemsnoncontrollinginterest": 263000000,
        "incometaxexpensebenefit": 851000000,
        "earningspersharebasic": 0.63,
        "earningspersharediluted": 0.61,
        "commonstockdividendspersharedeclared": 0.5325,
        "weightedaveragenumberofsharesoutstandingbasic": 4723000000,
        "weightedaveragenumberofdilutedsharesoutstanding": 4881000000
    },
    {
        "date": "2016-12-30",
        "symbol": "INTC",
        "period": "Q4",
        "netincomeloss": 3562000000,
        "othercomprehensiveincomechangeindeferredtaxassetvaluationallowancenetoftaxincludingreclassificationadjustments": -3000000,
        "othercomprehensiveincomelossderivativesqualifyingashedgesnetoftax": -267000000,
        "othercomprehensiveincomeforeigncurrencytransactionandtranslationgainlossarisingduringperiodnetoftax": -3000000,
        "othercomprehensiveincomelossnetoftax": -485000000,
        "comprehensiveincomenetoftax": 3268000000,
        "salesrevenuenet": 9586000000,
        "costofgoodsandservicessold": -5000000,
        "grossprofit": 10105000000,
        "researchanddevelopmentexpense": -12000000,
        "sellinggeneralandadministrativeexpense": -5000000,
        "amortizationofacquisitionrelatedintangibleassets": 41000000,
        "operatingexpenses": 5579000000,
        "operatingincomeloss": -1152000000,
        "incomelossfromcontinuingoperationsbeforeincometaxesextraordinaryitemsnoncontrollinginterest": 523000000,
        "incometaxexpensebenefit": 878000000,
        "earningspersharebasic": 0.7600000000000002,
        "earningspersharediluted": 0.7400000000000002,
        "weightedaveragenumberofsharesoutstandingbasic": -4729000000,
        "weightedaveragenumberofdilutedsharesoutstanding": -4872000000
    },
    {
        "date": "2016-09-30",
        "symbol": "INTC",
        "period": "Q3",
        "netincomeloss": 3378000000,
        "othercomprehensiveincomelossavailableforsalesecuritiesadjustmentincludingotherthantemporaryimpairmentsnetoftax": 412000000,
        "othercomprehensiveincomechangeindeferredtaxassetvaluationallowancenetoftaxincludingreclassificationadjustments": -2000000,
        "othercomprehensiveincomelossderivativesqualifyingashedgesnetoftax": 61000000,
        "othercomprehensiveincomedefinedbenefitplannetpriorservicecostscreditarisingduringperiodnetoftax": -1000000,
        "othercomprehensiveincomedefinedbenefitplansnetunamortizedgainlossarisingduringperiodnetoftax": 10000000,
        "othercomprehensiveincomeforeigncurrencytransactionandtranslationgainlossarisingduringperiodnetoftax": -2000000,
        "othercomprehensiveincomelossnetoftax": 480000000,
        "comprehensiveincomenetoftax": 3858000000,
        "salesrevenuenet": 44000000,
        "costofgoodsandservicessold": 11000000,
        "grossprofit": 9983000000,
        "researchanddevelopmentexpense": 2000000,
        "sellinggeneralandadministrativeexpense": -1000000,
        "restructuringsettlementandimpairmentprovisions": 349000000,
        "amortizationofacquisitionrelatedintangibleassets": 74000000,
        "operatingexpenses": 5521000000,
        "operatingincomeloss": -1225000000,
        "gainlossoninvestments": 42000000,
        "othernonoperatingincomeexpense": 19000000,
        "incomelossfromcontinuingoperationsbeforeincometaxesextraordinaryitemsnoncontrollinginterest": 42000000,
        "incometaxexpensebenefit": 940000000,
        "earningspersharebasic": 0.71,
        "earningspersharediluted": 0.69,
        "commonstockdividendspersharedeclared": 0.52,
        "weightedaveragenumberofsharesoutstandingbasic": 4734000000,
        "weightedaveragenumberofdilutedsharesoutstanding": 4877000000
    },
    {
        "date": "2016-07-01",
        "symbol": "INTC",
        "period": "Q2",
        "netincomeloss": 1330000000,
        "othercomprehensiveincomelossavailableforsalesecuritiesadjustmentincludingotherthantemporaryimpairmentsnetoftax": -346000000,
        "othercomprehensiveincomechangeindeferredtaxassetvaluationallowancenetoftaxincludingreclassificationadjustments": -2000000,
        "othercomprehensiveincomelossderivativesqualifyingashedgesnetoftax": 26000000,
        "othercomprehensiveincomechangeinpriorservicecostnetoftax": 1000000,
        "othercomprehensiveincomechangeinactuarialvaluationnetoftax": -318000000,
        "othercomprehensiveincomeforeigncurrencytransactionandtranslationgainlossarisingduringperiodnetoftax": -1000000,
        "othercomprehensiveincomelossnetoftax": -1000000,
        "comprehensiveincomenetoftax": 690000000,
        "salesrevenuenet": 40000000,
        "costofgoodsandservicessold": 17000000,
        "grossprofit": 7973000000,
        "researchanddevelopmentexpense": -7000000,
        "sellinggeneralandadministrativeexpense": -3000000,
        "amortizationofacquisitionrelatedintangibleassets": 89000000,
        "operatingexpenses": 6655000000,
        "operatingincomeloss": -2258000000,
        "gainslossesonequityinvestmentsnet": 402000000,
        "interestandothernet": 18000000,
        "incomelossfromcontinuingoperationsbeforeincometaxesextraordinaryitemsnoncontrollinginterest": -13000000,
        "incometaxexpensebenefit": 340000000,
        "earningspersharebasic": 0.27999999999999997,
        "earningspersharediluted": 0.26999999999999996,
        "commonstockdividendspersharedeclared": 0,
        "weightedaveragenumberofsharesoutstandingbasic": 3000000,
        "weightedaveragenumberofdilutedsharesoutstanding": -5000000
    },
    {
        "date": "2016-04-01",
        "symbol": "INTC",
        "period": "Q1",
        "netincomeloss": 2046000000,
        "othercomprehensiveincomelossavailableforsalesecuritiesadjustmentincludingotherthantemporaryimpairmentsnetoftax": 291000000,
        "othercomprehensiveincomechangeindeferredtaxassetvaluationallowancenetoftaxincludingreclassificationadjustments": -1000000,
        "othercomprehensiveincomelossderivativesqualifyingashedgesnetoftax": 187000000,
        "othercomprehensiveincomechangeinpriorservicecostnetoftax": 2000000,
        "othercomprehensiveincomechangeinactuarialvaluationnetoftax": 19000000,
        "othercomprehensiveincomeforeigncurrencytransactionandtranslationgainlossarisingduringperiodnetoftax": 2000000,
        "othercomprehensiveincomelossnetoftax": 2000000,
        "comprehensiveincomenetoftax": 2546000000,
        "salesrevenuenet": 50000000,
        "costofgoodsandservicessold": 42000000,
        "grossprofit": 8130000000,
        "researchanddevelopmentexpense": 10000000,
        "sellinggeneralandadministrativeexpense": 4000000,
        "amortizationofacquisitionrelatedintangibleassets": 90000000,
        "operatingexpenses": 5562000000,
        "operatingincomeloss": -994000000,
        "gainslossesonequityinvestmentsnet": 86000000,
        "interestandothernet": -1000000,
        "incomelossfromcontinuingoperationsbeforeincometaxesextraordinaryitemsnoncontrollinginterest": -22000000,
        "incometaxexpensebenefit": 462000000,
        "earningspersharebasic": 0.43,
        "earningspersharediluted": 0.42,
        "commonstockdividendspersharedeclared": 0.52,
        "weightedaveragenumberofsharesoutstandingbasic": 4722000000,
        "weightedaveragenumberofdilutedsharesoutstanding": 4875000000
    },
    {
        "date": "2015-12-25",
        "symbol": "INTC",
        "period": "Q4",
        "netincomeloss": 3613000000,
        "othercomprehensiveincomelossavailableforsalesecuritiesadjustmentincludingotherthantemporaryimpairmentsnetoftax": 233000000,
        "othercomprehensiveincomechangeindeferredtaxassetvaluationallowancenetoftaxincludingreclassificationadjustments": -5000000,
        "othercomprehensiveincomelossderivativesqualifyingashedgesnetoftax": 68000000,
        "othercomprehensiveincomechangeinpriorservicecostnetoftax": 1000000,
        "othercomprehensiveincomechangeinactuarialvaluationnetoftax": 98000000,
        "othercomprehensiveincomeforeigncurrencytransactionandtranslationgainlossarisingduringperiodnetoftax": 0,
        "othercomprehensiveincomelossnetoftax": 979000000,
        "comprehensiveincomenetoftax": 4008000000,
        "salesrevenuenet": 42188000000,
        "costofgoodsandservicessold": 73000000,
        "grossprofit": 9590000000,
        "researchanddevelopmentexpense": 32000000,
        "sellinggeneralandadministrativeexpense": 8000000,
        "restructuringsettlementandimpairmentprovisions": -13000000,
        "operatingexpenses": 5291000000,
        "operatingincomeloss": -817000000,
        "gainslossesonequityinvestmentsnet": 6000000,
        "interestandothernet": -12000000,
        "incomelossfromcontinuingoperationsbeforeincometaxesextraordinaryitemsnoncontrollinginterest": -122000000,
        "incometaxexpensebenefit": 690000000,
        "earningspersharebasic": 0.7700000000000002,
        "earningspersharediluted": 0.73,
        "weightedaveragenumberofsharesoutstandingbasic": -4755000000,
        "weightedaveragenumberofdilutedsharesoutstanding": -4894000000
    },
    {
        "date": "2015-09-25",
        "symbol": "INTC",
        "period": "Q3",
        "netincomeloss": 3109000000,
        "othercomprehensiveincomelossavailableforsalesecuritiesadjustmentincludingotherthantemporaryimpairmentsnetoftax": -1029000000,
        "othercomprehensiveincomechangeindeferredtaxassetvaluationallowancenetoftaxincludingreclassificationadjustments": -5000000,
        "othercomprehensiveincomelossderivativesqualifyingashedgesnetoftax": 42000000,
        "othercomprehensiveincomechangeinpriorservicecostnetoftax": 2000000,
        "othercomprehensiveincomechangeinactuarialvaluationnetoftax": 11000000,
        "othercomprehensiveincomeforeigncurrencytransactionandtranslationgainlossarisingduringperiodnetoftax": -1000000,
        "othercomprehensiveincomelossnetoftax": -980000000,
        "comprehensiveincomenetoftax": 2129000000,
        "salesrevenuenet": 682000000,
        "costofgoodsandservicessold": 81000000,
        "grossprofit": 9111000000,
        "researchanddevelopmentexpense": 50000000,
        "sellinggeneralandadministrativeexpense": 16000000,
        "restructuringsettlementandimpairmentprovisions": 14000000,
        "amortizationofacquisitionrelatedintangibleassets": 68000000,
        "operatingexpenses": 4919000000,
        "operatingincomeloss": -621000000,
        "gainslossesonequityinvestmentsnet": 11000000,
        "interestandothernet": 1000000,
        "incomelossfromcontinuingoperationsbeforeincometaxesextraordinaryitemsnoncontrollinginterest": -147000000,
        "incometaxexpensebenefit": 1144000000,
        "earningspersharebasic": 0.65,
        "earningspersharediluted": 0.64,
        "commonstockdividendspersharedeclared": 0.48,
        "weightedaveragenumberofsharesoutstandingbasic": 4747000000,
        "weightedaveragenumberofdilutedsharesoutstanding": 4876000000
    },
    {
        "date": "2015-06-26",
        "symbol": "INTC",
        "period": "Q2",
        "netincomeloss": 2706000000,
        "othercomprehensiveincomelossavailableforsalesecuritiesadjustmentincludingotherthantemporaryimpairmentsnetoftax": 428000000,
        "othercomprehensiveincomechangeindeferredtaxassetvaluationallowancenetoftaxincludingreclassificationadjustments": -5000000,
        "othercomprehensiveincomelossderivativesqualifyingashedgesnetoftax": 136000000,
        "othercomprehensiveincomechangeinpriorservicecostnetoftax": 2000000,
        "othercomprehensiveincomechangeinactuarialvaluationnetoftax": 7000000,
        "othercomprehensiveincomeforeigncurrencytransactionandtranslationgainlossarisingduringperiodnetoftax": 9000000,
        "othercomprehensiveincomelossnetoftax": 9000000,
        "comprehensiveincomenetoftax": 3283000000,
        "salesrevenuenet": 715000000,
        "costofgoodsandservicessold": 93000000,
        "grossprofit": 8248000000,
        "researchanddevelopmentexpense": 48000000,
        "sellinggeneralandadministrativeexpense": 13000000,
        "restructuringsettlementandimpairmentprovisions": 248000000,
        "operatingexpenses": 5352000000,
        "operatingincomeloss": -708000000,
        "gainslossesonequityinvestmentsnet": 20000000,
        "interestandothernet": -13000000,
        "incomelossfromcontinuingoperationsbeforeincometaxesextraordinaryitemsnoncontrollinginterest": -154000000,
        "incometaxexpensebenefit": 277000000,
        "earningspersharebasic": 0.5700000000000001,
        "earningspersharediluted": 0.55,
        "commonstockdividendspersharedeclared": 0,
        "weightedaveragenumberofsharesoutstandingbasic": 9000000,
        "weightedaveragenumberofdilutedsharesoutstanding": -2000000
    },
    {
        "date": "2015-03-27",
        "symbol": "INTC",
        "period": "Q1",
        "netincomeloss": 1992000000,
        "othercomprehensiveincomelossavailableforsalesecuritiesadjustmentincludingotherthantemporaryimpairmentsnetoftax": -342000000,
        "othercomprehensiveincomechangeindeferredtaxassetvaluationallowancenetoftaxincludingreclassificationadjustments": -3000000,
        "othercomprehensiveincomelossderivativesqualifyingashedgesnetoftax": -89000000,
        "othercomprehensiveincomechangeinpriorservicecostnetoftax": 2000000,
        "othercomprehensiveincomechangeinactuarialvaluationnetoftax": 12000000,
        "othercomprehensiveincomeforeigncurrencytransactionandtranslationgainlossarisingduringperiodnetoftax": -178000000,
        "othercomprehensiveincomelossnetoftax": -178000000,
        "comprehensiveincomenetoftax": 1394000000,
        "salesrevenuenet": 615000000,
        "costofgoodsandservicessold": 43000000,
        "grossprofit": 7730000000,
        "researchanddevelopmentexpense": 47000000,
        "sellinggeneralandadministrativeexpense": 9000000,
        "restructuringsettlementandimpairmentprovisions": 105000000,
        "amortizationofintangibleassets": 62000000,
        "operatingexpenses": 5115000000,
        "operatingincomeloss": -586000000,
        "gainslossesonequityinvestmentsnet": 54000000,
        "interestandothernet": 26000000,
        "incomelossfromcontinuingoperationsbeforeincometaxesextraordinaryitemsnoncontrollinginterest": -99000000,
        "incometaxexpensebenefit": 681000000,
        "earningspersharebasic": 0.42,
        "earningspersharediluted": 0.41,
        "commonstockdividendspersharedeclared": 0.48,
        "weightedaveragenumberofsharesoutstandingbasic": 4741000000,
        "weightedaveragenumberofdilutedsharesoutstanding": 4914000000
    },
    {
        "date": "2014-12-26",
        "symbol": "INTC",
        "period": "Q4",
        "netincomeloss": 3661000000,
        "othercomprehensiveincomelossavailableforsalesecuritiesadjustmentincludingotherthantemporaryimpairmentsnetoftax": 360000000,
        "othercomprehensiveincomechangeindeferredtaxassetvaluationallowancenetoftaxincludingreclassificationadjustments": -11000000,
        "othercomprehensiveincomelossderivativesqualifyingashedgesnetoftax": -254000000,
        "othercomprehensiveincomechangeinpriorservicecostnetoftax": 8000000,
        "othercomprehensiveincomechangeinactuarialvaluationnetoftax": -259000000,
        "othercomprehensiveincomeforeigncurrencytransactionandtranslationgainlossarisingduringperiodnetoftax": -124000000,
        "othercomprehensiveincomelossnetoftax": -73000000,
        "comprehensiveincomenetoftax": 3381000000,
        "salesrevenuenet": 634000000,
        "costofgoodsandservicessold": 21000000,
        "grossprofit": 9621000000,
        "researchanddevelopmentexpense": 8000000,
        "sellinggeneralandadministrativeexpense": 5000000,
        "restructuringsettlementandimpairmentprovisions": 57000000,
        "operatingexpenses": 5168000000,
        "operatingincomeloss": -5610000000,
        "gainslossesonequityinvestmentsnet": 0,
        "interestandothernet": 3000000,
        "incomelossfromcontinuingoperationsbeforeincometaxesextraordinaryitemsnoncontrollinginterest": -143000000,
        "incometaxexpensebenefit": 998000000,
        "earningspersharebasic": 0.7599999999999999,
        "earningspersharediluted": 0.7299999999999999,
        "weightedaveragenumberofsharesoutstandingbasic": -4956000000,
        "weightedaveragenumberofdilutedsharesoutstanding": -5109000000
    },
    {
        "date": "2014-09-26",
        "symbol": "INTC",
        "period": "Q3",
        "netincomeloss": 3317000000,
        "othercomprehensiveincomelossavailableforsalesecuritiesadjustmentincludingotherthantemporaryimpairmentsnetoftax": 303000000,
        "othercomprehensiveincomechangeindeferredtaxassetvaluationallowancenetoftaxincludingreclassificationadjustments": -26000000,
        "othercomprehensiveincomelossderivativesqualifyingashedgesnetoftax": -184000000,
        "othercomprehensiveincomechangeinpriorservicecostnetoftax": 2000000,
        "othercomprehensiveincomechangeinactuarialvaluationnetoftax": -148000000,
        "othercomprehensiveincomeforeigncurrencytransactionandtranslationgainlossarisingduringperiodnetoftax": -121000000,
        "othercomprehensiveincomelossnetoftax": -174000000,
        "comprehensiveincomenetoftax": 3143000000,
        "salesrevenuenet": 558000000,
        "costofgoodsandservicessold": 5000000,
        "grossprofit": 9458000000,
        "researchanddevelopmentexpense": -8000000,
        "sellinggeneralandadministrativeexpense": -2000000,
        "restructuringsettlementandimpairmentprovisions": 20000000,
        "amortizationofacquisitioncosts": 2000000,
        "operatingexpenses": 4918000000,
        "operatingincomeloss": 4120000000,
        "gainslossesonequityinvestmentsnet": 9000000,
        "interestandothernet": 9000000,
        "incomelossfromcontinuingoperationsbeforeincometaxesextraordinaryitemsnoncontrollinginterest": 9000000,
        "incometaxexpensebenefit": 1233000000,
        "earningspersharebasic": 0.68,
        "earningspersharediluted": 0.66,
        "commonstockdividendspersharedeclared": 0.45,
        "weightedaveragenumberofsharesoutstandingbasic": 4880000000,
        "weightedaveragenumberofdilutedsharesoutstanding": 5045000000
    },
    {
        "date": "2014-06-27",
        "symbol": "INTC",
        "period": "Q2",
        "netincomeloss": 2796000000,
        "othercomprehensiveincomelossavailableforsalesecuritiesadjustmentincludingotherthantemporaryimpairmentsnetoftax": -9000000,
        "othercomprehensiveincomechangeindeferredtaxassetvaluationallowancenetoftaxincludingreclassificationadjustments": -2000000,
        "othercomprehensiveincomelossderivativesqualifyingashedgesnetoftax": -3000000,
        "othercomprehensiveincomechangeinpriorservicecostnetoftax": -1000000,
        "othercomprehensiveincomechangeinactuarialvaluationnetoftax": 7000000,
        "othercomprehensiveincomeforeigncurrencytransactionandtranslationgainlossarisingduringperiodnetoftax": -28000000,
        "othercomprehensiveincomelossnetoftax": -2000000,
        "comprehensiveincomenetoftax": 2760000000,
        "salesrevenuenet": -6879000000,
        "costofgoodsandservicessold": 7000000,
        "grossprofit": 8917000000,
        "researchanddevelopmentexpense": -10000000,
        "sellinggeneralandadministrativeexpense": -3000000,
        "restructuringsettlementandimpairmentprovisions": 81000000,
        "amortizationofacquisitioncosts": 223000000,
        "operatingexpenses": 5073000000,
        "operatingincomeloss": -613000000,
        "gainslossesonequityinvestmentsnet": 62000000,
        "interestandothernet": -4000000,
        "incomelossfromcontinuingoperationsbeforeincometaxesextraordinaryitemsnoncontrollinginterest": 58000000,
        "incometaxexpensebenefit": 1126000000,
        "earningspersharebasic": 0.5599999999999999,
        "earningspersharediluted": 0.54,
        "commonstockdividendspersharedeclared": 0,
        "weightedaveragenumberofsharesoutstandingbasic": 3000000,
        "weightedaveragenumberofdilutedsharesoutstanding": 3000000
    },
    {
        "date": "2014-03-28",
        "symbol": "INTC",
        "period": "Q1",
        "netincomeloss": 1930000000,
        "othercomprehensiveincomelossavailableforsalesecuritiesadjustmentincludingotherthantemporaryimpairmentsnetoftax": -77000000,
        "othercomprehensiveincomechangeindeferredtaxassetvaluationallowancenetoftaxincludingreclassificationadjustments": -2000000,
        "othercomprehensiveincomelossderivativesqualifyingashedgesnetoftax": 14000000,
        "othercomprehensiveincomechangeinpriorservicecostnetoftax": -42000000,
        "othercomprehensiveincomechangeinactuarialvaluationnetoftax": -2000000,
        "othercomprehensiveincomeforeigncurrencytransactionandtranslationgainlossarisingduringperiodnetoftax": 22000000,
        "othercomprehensiveincomelossnetoftax": -2000000,
        "comprehensiveincomenetoftax": 1843000000,
        "salesrevenuenet": 7941000000,
        "costofgoodsandservicessold": -2000000,
        "grossprofit": 7613000000,
        "researchanddevelopmentexpense": -8000000,
        "sellinggeneralandadministrativeexpense": -2000000,
        "restructuringsettlementandimpairmentprovisions": 137000000,
        "amortizationofacquisitioncosts": 70000000,
        "operatingexpenses": 5103000000,
        "operatingincomeloss": -929000000,
        "gainslossesonequityinvestmentsnet": 61000000,
        "interestandothernet": 2000000,
        "incomelossfromcontinuingoperationsbeforeincometaxesextraordinaryitemsnoncontrollinginterest": 63000000,
        "incometaxexpensebenefit": 740000000,
        "earningspersharebasic": 0.39,
        "earningspersharediluted": 0.38,
        "commonstockdividendspersharedeclared": 0.45,
        "weightedaveragenumberofsharesoutstandingbasic": 4974000000,
        "weightedaveragenumberofdilutedsharesoutstanding": 5117000000
    },
    {
        "date": "2013-12-27",
        "symbol": "INTC",
        "period": "Q4",
        "netincomeloss": 2625000000,
        "othercomprehensiveincomelossavailableforsalesecuritiesadjustmentincludingotherthantemporaryimpairmentsnetoftax": -195000000,
        "othercomprehensiveincomelossderivativesqualifyingashedgesnetoftax": -52000000,
        "othercomprehensiveincomechangeinpriorservicecostnetoftax": 14000000,
        "othercomprehensiveincomeforeigncurrencytransactionandtranslationgainlossarisingduringperiodnetoftax": 15000000,
        "othercomprehensiveincomelossnetoftax": -857000000,
        "comprehensiveincomenetoftax": 2820000000,
        "salesrevenuenet": 27090000000,
        "costofgoodsandservicessold": 43000000,
        "grossprofit": 8571000000,
        "researchanddevelopmentexpense": -15000000,
        "sellinggeneralandadministrativeexpense": 8082000000,
        "operatingexpenses": 5022000000,
        "operatingincomeloss": -7612000000,
        "gainslossesonequityinvestmentsnet": -1000000,
        "incomelossfromcontinuingoperationsbeforeincometaxesextraordinaryitemsnoncontrollinginterest": 4000000,
        "earningspersharebasic": 0.5300000000000002,
        "earningspersharediluted": 0.52,
        "weightedaveragenumberofsharesoutstandingbasic": -4974000000,
        "weightedaveragenumberofdilutedsharesoutstanding": -5096000000
    },
    {
        "date": "2013-09-27",
        "symbol": "INTC",
        "period": "Q3",
        "netincomeloss": 2950000000,
        "othercomprehensiveincomelossavailableforsalesecuritiesadjustmentincludingotherthantemporaryimpairmentsnetoftax": 769000000,
        "othercomprehensiveincomechangeindeferredtaxassetvaluationallowancenetoftaxbeforereclassificationadjustments": -20000000,
        "othercomprehensiveincomelossderivativesqualifyingashedgesnetoftax": 70000000,
        "othercomprehensiveincomechangeinpriorservicecostnetoftax": 2000000,
        "othercomprehensiveincomechangeinactuarialgainlossnetoftax": 31000000,
        "othercomprehensiveincomeforeigncurrencytransactionandtranslationgainlossarisingduringperiodnetoftax": 51000000,
        "othercomprehensiveincomelossnetoftax": 903000000,
        "comprehensiveincomenetoftax": 3853000000,
        "salesrevenuenet": 621000000,
        "costofgoodsandservicessold": 19000000,
        "grossprofit": 8414000000,
        "researchanddevelopmentexpense": -7000000,
        "sellinggeneralandadministrativeexpense": 2000000,
        "restructuringsettlementandimpairmentprovisions": 39000000,
        "amortizationofintangibleassets": 3000000,
        "operatingexpenses": 4910000000,
        "operatingincomeloss": -5000000,
        "gainslossesonequityinvestmentsnet": 130000000,
        "interestandothernet": -32000000,
        "incomelossfromcontinuingoperationsbeforeincometaxesextraordinaryitemsnoncontrollinginterest": 130000000,
        "incometaxexpensebenefit": 974000000,
        "earningspersharebasic": 0.59,
        "earningspersharediluted": 0.58,
        "commonstockdividendspersharedeclared": 0.45,
        "weightedaveragenumberofsharesoutstandingbasic": 4981000000,
        "weightedaveragenumberofdilutedsharesoutstanding": 5100000000
    },
    {
        "date": "2013-06-28",
        "symbol": "INTC",
        "period": "Q2",
        "netincomeloss": 2000000000,
        "othercomprehensiveincomelossavailableforsalesecuritiesadjustmentincludingotherthantemporaryimpairmentsnetoftax": 434000000,
        "othercomprehensiveincomelossderivativesqualifyingashedgesnetoftax": 49000000,
        "othercomprehensiveincomechangeinpriorservicecostnetoftax": 1000000,
        "othercomprehensiveincomechangeinactuarialgainlossnetoftax": 36000000,
        "othercomprehensiveincomeforeigncurrencytransactionandtranslationgainlossarisingduringperiodnetoftax": 35000000,
        "othercomprehensiveincomelossnetoftax": 128000000,
        "comprehensiveincomenetoftax": 2555000000,
        "salesrevenuenet": 4740000000,
        "costofgoodsandservicessold": -5515000000,
        "grossprofit": 7470000000,
        "researchanddevelopmentexpense": -5000000,
        "sellinggeneralandadministrativeexpense": 3000000,
        "amortizationofacquiredintangibleassets": 140000000,
        "operatingexpenses": 4751000000,
        "operatingincomeloss": 5610000000,
        "gainslossesonequityinvestmentsnet": 8000000,
        "interestandothernet": 0,
        "incomelossfromcontinuingoperationsbeforeincometaxesextraordinaryitemsnoncontrollinginterest": 38000000,
        "incometaxexpensebenefitcontinuingoperations": 693000000,
        "earningspersharebasic": 0.41,
        "earningspersharediluted": 0.39,
        "commonstockdividendspersharedeclared": 0,
        "weightedaveragenumberofsharesoutstandingbasic": 15000000,
        "weightedaveragenumberofdilutedsharesoutstanding": 13000000
    },
    {
        "date": "2013-03-29",
        "symbol": "INTC",
        "period": "Q1",
        "netincomeloss": 2045000000,
        "othercomprehensiveincomelossavailableforsalesecuritiesadjustmentincludingotherthantemporaryimpairmentsnetoftax": 173000000,
        "othercomprehensiveincomelossderivativesqualifyingashedgesnetoftax": -156000000,
        "othercomprehensiveincomechangeinpriorservicecostnetoftax": 1000000,
        "othercomprehensiveincomechangeinactuarialgainlossnetoftax": 34000000,
        "othercomprehensiveincomeforeigncurrencytransactionandtranslationgainlossarisingduringperiodnetoftax": -63000000,
        "othercomprehensiveincomelossnetoftax": -156000000,
        "comprehensiveincomenetoftax": 2034000000,
        "salesrevenuenet": 588000000,
        "costofgoodsandservicessold": 5514000000,
        "grossprofit": 7066000000,
        "researchanddevelopmentexpense": -3000000,
        "sellinggeneralandadministrativeexpense": 1000000,
        "amortizationofacquiredintangibleassets": 140000000,
        "operatingexpenses": 4547000000,
        "operatingincomeloss": -438000000,
        "gainslossesonequityinvestmentsnet": 1000000,
        "interestandothernet": 3000000,
        "incomelossfromcontinuingoperationsbeforeincometaxesextraordinaryitemsnoncontrollinginterest": -26000000,
        "incometaxexpensebenefitcontinuingoperations": 398000000,
        "earningspersharebasic": 0.41,
        "earningspersharediluted": 0.4,
        "commonstockdividendspersharedeclared": 0.45,
        "weightedaveragenumberofsharesoutstandingbasic": 4948000000,
        "weightedaveragenumberofdilutedsharesoutstanding": 5080000000
    },
    {
        "date": "2012-12-28",
        "symbol": "INTC",
        "period": "Q4",
        "salesrevenuenet": 3223000000,
        "costofgoodsandservicessold": 5660000000,
        "grossprofit": 7817000000,
        "researchanddevelopmentexpense": 2629000000,
        "sellinggeneralandadministrativeexpense": 1958000000,
        "amortizationofacquiredintangibleassets": -65000000,
        "operatingexpenses": 4662000000,
        "operatingincomeloss": 263000000,
        "gainslossesonequityinvestmentsnet": 60000000,
        "interestandothernet": -11000000,
        "incomelossfromcontinuingoperationsbeforeincometaxesextraordinaryitemsnoncontrollinginterest": 3204000000,
        "incometaxexpensebenefitcontinuingoperations": 736000000,
        "netincomeloss": 2468000000,
        "earningspersharebasic": 0.5000000000000002,
        "earningspersharediluted": 0.47999999999999976,
        "weightedaveragenumberofsharesoutstandingbasic": -5010000000,
        "weightedaveragenumberofdilutedsharesoutstanding": -5189000000,
        "othercomprehensiveincomechangeinactuarialgainlossnetoftax": -220000000,
        "othercomprehensiveincomeforeigncurrencytransactionandtranslationgainlossarisingduringperiodnetoftax": 22000000,
        "comprehensiveincomenetoftax": 2570000000
    },
    {
        "date": "2012-09-28",
        "symbol": "INTC",
        "period": "Q3",
        "salesrevenuenet": 405000000,
        "costofgoodsandservicessold": 4942000000,
        "grossprofit": 8515000000,
        "researchanddevelopmentexpense": 2605000000,
        "sellinggeneralandadministrativeexpense": 1995000000,
        "amortizationofacquiredintangibleassets": 71000000,
        "operatingexpenses": 4674000000,
        "operatingincomeloss": -477000000,
        "gainslossesonequityinvestmentsnet": 53000000,
        "interestandothernet": 27000000,
        "incomelossfromcontinuingoperationsbeforeincometaxesextraordinaryitemsnoncontrollinginterest": 3921000000,
        "incometaxexpensebenefitcontinuingoperations": 949000000,
        "netincomeloss": 2972000000,
        "earningspersharebasic": 0.59,
        "earningspersharediluted": 0.58,
        "commonstockdividendspersharedeclared": 0.45,
        "weightedaveragenumberofsharesoutstandingbasic": 4996000000,
        "weightedaveragenumberofdilutedsharesoutstanding": 5153000000,
        "othercomprehensiveincomelossavailableforsalesecuritiesadjustmentincludingotherthantemporaryimpairmentsnetoftax": 80000000,
        "othercomprehensiveincomechangeindeferredtaxassetvaluationallowancenetoftaxbeforereclassificationadjustments": 1000000,
        "othercomprehensiveincomelossderivativesqualifyingashedgesnetoftax": 166000000,
        "othercomprehensiveincomechangeinpriorservicecostnetoftax": 1000000,
        "othercomprehensiveincomechangeinactuarialgainlossnetoftax": 18000000,
        "othercomprehensiveincomeforeigncurrencytransactionandtranslationgainlossarisingduringperiodnetoftax": 90000000,
        "othercomprehensiveincomelossnetoftax": 356000000,
        "comprehensiveincomenetoftax": 3328000000
    },
    {
        "date": "2012-06-29",
        "symbol": "INTC",
        "period": "Q2",
        "salesrevenuenet": 319000000,
        "costofgoodsandservicessold": 4947000000,
        "grossprofit": 8554000000,
        "researchanddevelopmentexpense": 2513000000,
        "sellinggeneralandadministrativeexpense": 2131000000,
        "amortizationofacquiredintangibleassets": 3000000,
        "operatingexpenses": 4722000000,
        "operatingincomeloss": -652000000,
        "gainslossesonequityinvestmentsnet": 47000000,
        "interestandothernet": 55000000,
        "incomelossfromcontinuingoperationsbeforeincometaxesextraordinaryitemsnoncontrollinginterest": 3934000000,
        "incometaxexpensebenefitcontinuingoperations": 1107000000,
        "netincomeloss": 2827000000,
        "earningspersharebasic": 0.56,
        "earningspersharediluted": 0.54,
        "commonstockdividendspersharedeclared": 0,
        "weightedaveragenumberofsharesoutstandingbasic": 11000000,
        "weightedaveragenumberofdilutedsharesoutstanding": 4000000,
        "othercomprehensiveincomeavailableforsalesecuritiesadjustmentnetoftaxperiodincreasedecrease": -109000000,
        "othercomprehensiveincomederivativesqualifyingashedgesnetoftaxperiodincreasedecrease": -29000000,
        "othercomprehensiveincomechangeinpriorservicecostnetoftax": 1000000,
        "othercomprehensiveincomechangeinactuarialgainlossnetoftax": 14000000,
        "othercomprehensiveincomeforeigncurrencytransactionandtranslationgainlossarisingduringperiodnetoftax": -130000000,
        "othercomprehensiveincomelossnetoftaxperiodincreasedecrease": -253000000,
        "comprehensiveincomenetoftax": 2574000000
    },
    {
        "date": "2012-03-30",
        "symbol": "INTC",
        "period": "Q1",
        "salesrevenuenet": 356000000,
        "costofgoodsandservicessold": 4641000000,
        "grossprofit": 8265000000,
        "researchanddevelopmentexpense": 2401000000,
        "sellinggeneralandadministrativeexpense": 1973000000,
        "amortizationofacquiredintangibleassets": 3000000,
        "operatingexpenses": 4455000000,
        "operatingincomeloss": -511000000,
        "gainslossesonequityinvestmentsnet": -19000000,
        "interestandothernet": 23000000,
        "incomelossfromcontinuingoperationsbeforeincometaxesextraordinaryitemsnoncontrollinginterest": 3814000000,
        "incometaxexpensebenefitcontinuingoperations": 1076000000,
        "netincomeloss": 2738000000,
        "earningspersharebasic": 0.55,
        "earningspersharediluted": 0.53,
        "commonstockdividendspersharedeclared": 0.42,
        "weightedaveragenumberofsharesoutstandingbasic": 4999000000,
        "weightedaveragenumberofdilutedsharesoutstanding": 5192000000,
        "othercomprehensiveincomeavailableforsalesecuritiesadjustmentnetoftaxperiodincreasedecrease": 166000000,
        "othercomprehensiveincomederivativesqualifyingashedgesnetoftaxperiodincreasedecrease": -34000000,
        "othercomprehensiveincomechangeinpriorservicecostnetoftax": 1000000,
        "othercomprehensiveincomechangeinactuarialgainlossnetoftax": 16000000,
        "othercomprehensiveincomeforeigncurrencytransactionandtranslationgainlossarisingduringperiodnetoftax": 28000000,
        "othercomprehensiveincomelossnetoftaxperiodincreasedecrease": 177000000,
        "comprehensiveincomenetoftax": 2915000000
    },
    {
        "date": "2011-12-30",
        "symbol": "INTC",
        "period": "Q4",
        "salesrevenuenet": -28376000000,
        "costofgoodsandservicessold": 4935000000,
        "grossprofit": 8952000000,
        "researchanddevelopmentexpense": 2308000000,
        "sellinggeneralandadministrativeexpense": 1973000000,
        "operatingexpenses": 4353000000,
        "operatingincomeloss": -8342000000,
        "interestandothernet": -29000000,
        "incometaxexpensebenefitcontinuingoperations": 1227000000,
        "netincomeloss": 3360000000,
        "earningspersharebasic": 0.65,
        "earningspersharediluted": 0.6300000000000001,
        "weightedaveragenumberofsharesoutstandingbasic": -5314000000,
        "weightedaveragenumberofdilutedsharesoutstanding": -5456000000
    },
    {
        "date": "2011-09-30",
        "symbol": "INTC",
        "period": "Q3",
        "salesrevenuenet": 7521000000,
        "costofgoodsandservicessold": 5215000000,
        "grossprofit": 9018000000,
        "researchanddevelopmentexpense": 2140000000,
        "sellinggeneralandadministrativeexpense": 2017000000,
        "amortizationofacquiredintangibleassets": 3000000,
        "operatingexpenses": 4233000000,
        "operatingincomeloss": -328000000,
        "gainslossesonequitymethodinvestmentsnet": -40000000,
        "gainslossesonotherequityinvestmentsnet": 132000000,
        "interestandothernet": 15000000,
        "incomelossfromcontinuingoperationsbeforeincometaxesextraordinaryitemsnoncontrollinginterest": 4892000000,
        "incometaxexpensebenefitcontinuingoperations": 1424000000,
        "netincomeloss": 3468000000,
        "earningspersharebasic": 0.67,
        "earningspersharediluted": 0.65,
        "commonstockdividendspersharedeclared": 0.42,
        "weightedaveragenumberofsharesoutstandingbasic": 5194000000,
        "weightedaveragenumberofdilutedsharesoutstanding": 5340000000
    },
    {
        "date": "2011-07-01",
        "symbol": "INTC",
        "period": "Q2",
        "salesrevenuenet": 13032000000,
        "costofgoodsandservicessold": 5130000000,
        "grossprofit": 7902000000,
        "researchanddevelopmentexpense": 1986000000,
        "sellinggeneralandadministrativeexpense": 1905000000,
        "finitelivedintangibleassetsamortizationexpense": 176000000,
        "operatingexpenses": 3967000000,
        "operatingincomeloss": 3935000000,
        "gainslossesonequitymethodinvestmentsnet": -66000000,
        "gainslossesonotherequityinvestmentsnet": 41000000,
        "interestandothernet": 21000000,
        "incomelossbeforetaxes": 3931000000,
        "incometaxexpensebenefitcontinuingoperations": 977000000,
        "netincomeloss": 2954000000,
        "earningspersharebasic": 0.5599999999999999,
        "earningspersharediluted": 0.55,
        "commonstockdividendspersharedeclared": 0,
        "weightedaveragenumberofsharesoutstandingbasic": -76000000,
        "weightedaveragenumberofdilutedsharesoutstanding": -79000000
    },
    {
        "date": "2011-04-01",
        "symbol": "INTC",
        "period": "Q1",
        "salesrevenuenet": 12847000000,
        "costofgoodsandservicessold": 4962000000,
        "grossprofit": 7885000000,
        "researchanddevelopmentexpense": 1916000000,
        "sellinggeneralandadministrativeexpense": 1775000000,
        "finitelivedintangibleassetsamortizationexpense": 34000000,
        "operatingexpenses": 3727000000,
        "operatingincomeloss": 4158000000,
        "gainslossesonequitymethodinvestmentsnet": -42000000,
        "gainslossesonotherequityinvestmentsnet": 70000000,
        "interestandothernet": 185000000,
        "incomelossbeforetaxes": 4371000000,
        "incometaxexpensebenefitcontinuingoperations": 1211000000,
        "netincomeloss": 3160000000,
        "earningspersharebasic": 0.58,
        "earningspersharediluted": 0.56,
        "commonstockdividendspersharedeclared": 0.3624,
        "weightedaveragenumberofsharesoutstandingbasic": 5452000000,
        "weightedaveragenumberofdilutedsharesoutstanding": 5606000000
    },
    {
        "date": "2010-09-24",
        "symbol": "INTC",
        "period": "Q3",
        "salesrevenuenet": 11102000000,
        "costofgoodsandservicessold": 3781000000,
        "grossprofit": 7321000000,
        "researchanddevelopmentexpense": 1675000000,
        "sellinggeneralandadministrativeexpense": 1506000000,
        "amortizationofacquisitionrelatedintangiblesandcosts": 4000000,
        "operatingexpenses": 3185000000,
        "operatingincomeloss": 4136000000,
        "gainslossesonequitymethodinvestmentsnet": 126000000,
        "gainslossesonotherequityinvestmentsnet": -49000000,
        "interestandothernet": 38000000,
        "incomelossbeforetaxes": 4251000000,
        "incometaxexpensebenefitcontinuingoperations": 1296000000,
        "netincomeloss": 2955000000,
        "earningspersharebasic": 0.53,
        "earningspersharediluted": 0.52,
        "commonstockdividendspersharedeclared": 0.315,
        "weightedaveragenumberofsharesoutstandingbasic": 5575000000,
        "weightedaveragenumberofdilutedsharesoutstanding": 5694000000
    },
    {
        "date": "2010-06-25",
        "symbol": "INTC",
        "period": "Q2",
        "salesrevenuenet": 10765000000,
        "costofgoodsandservicessold": 3530000000,
        "grossprofit": 7235000000,
        "researchanddevelopmentexpense": 1666000000,
        "sellinggeneralandadministrativeexpense": 1584000000,
        "amortizationofacquisitionrelatedintangiblesandcosts": 4000000,
        "operatingexpenses": 3254000000,
        "operatingincomeloss": 3981000000,
        "gainslossesonequitymethodinvestmentsnet": 76000000,
        "gainslossesonotherequityinvestmentsnet": 117000000,
        "interestandothernet": 11000000,
        "incomelossbeforetaxes": 4185000000,
        "incometaxexpensebenefitcontinuingoperations": 1298000000,
        "netincomeloss": 2887000000,
        "earningspersharebasic": 0.52,
        "earningspersharediluted": 0.51,
        "commonstockdividendspersharedeclared": 0,
        "weightedaveragenumberofsharesoutstandingbasic": 17000000,
        "weightedaveragenumberofdilutedsharesoutstanding": 15000000
    },
    {
        "date": "2010-03-26",
        "symbol": "INTC",
        "period": "Q1",
        "salesrevenuenet": 10299000000,
        "costofgoodsandservicessold": 3770000000,
        "grossprofit": 6529000000,
        "researchanddevelopmentexpense": 1564000000,
        "sellinggeneralandadministrativeexpense": 1514000000,
        "amortizationofacquisitionrelatedintangiblesandcosts": 3000000,
        "operatingexpenses": 3081000000,
        "operatingincomeloss": 3448000000,
        "gainslossesonequitymethodinvestmentsnet": -39000000,
        "gainslossesonotherequityinvestmentsnet": 8000000,
        "interestandothernet": 29000000,
        "incomelossbeforetaxes": 3446000000,
        "incometaxexpensebenefitcontinuingoperations": 1004000000,
        "netincomeloss": 2442000000,
        "earningspersharebasic": 0.44,
        "earningspersharediluted": 0.43,
        "commonstockdividendspersharedeclared": 0.315,
        "weightedaveragenumberofsharesoutstandingbasic": 5529000000,
        "weightedaveragenumberofdilutedsharesoutstanding": 5681000000
    },
    {
        "date": "2009-09-25",
        "symbol": "INTC",
        "period": "Q3",
        "salesrevenuenet": 9389000000,
        "costofgoodsandservicessold": 3985000000,
        "grossprofit": 5404000000,
        "researchanddevelopmentexpense": 1430000000,
        "sellinggeneralandadministrativeexpense": 1320000000,
        "restructuringsettlementandimpairmentprovisions": 63000000,
        "amortizationofacquisitionrelatedintangiblesandcosts": 12000000,
        "operatingexpenses": 2825000000,
        "operatingincomeloss": 2579000000,
        "gainslossesonequitymethodinvestmentsnet": -59000000,
        "gainslossesonotherequityinvestmentsnet": -20000000,
        "interestandothernet": 32000000,
        "incomelossbeforetaxes": 2532000000,
        "incometaxexpensebenefitcontinuingoperations": 676000000,
        "netincomeloss": 1856000000,
        "earningspersharebasic": 0.34,
        "earningspersharediluted": 0.33,
        "commonstockdividendspersharedeclared": 0.28,
        "weightedaveragenumberofsharesoutstandingbasic": 5537000000,
        "weightedaveragenumberofdilutedsharesoutstanding": 5616000000
    }
]