[
    {
        "date": "2024-03-30",
        "symbol": "PGR",
        "period": "Q1",
        "premiumsearnednetpropertyandcasualty": 16148600000,
        "interestanddividendincomeoperating": 617600000,
        "debtandequitysecuritiesrealizedgainloss": -146500000,
        "debtandequitysecuritiesunrealizedgainloss": 302100000,
        "debtandequitysecuritiesgainloss": 155600000,
        "feesandotherrevenues": 236500000,
        "noninsuranceservicerevenues": 84200000,
        "revenues": 17242500000,
        "incurredclaimspropertycasualtyandliability": 10971600000,
        "deferredpolicyacquisitioncostamortizationexpense": 1232200000,
        "otherunderwritingexpense": 1931400000,
        "investmentincomeinvestmentexpense": 5700000,
        "noninsuranceserviceexpenses": 92100000,
        "interestexpensedebt": 69600000,
        "benefitslossesandexpenses": 14302600000,
        "incomelossfromcontinuingoperationsbeforeincometaxesextraordinaryitemsnoncontrollinginterest": 2939900000,
        "incometaxexpensebenefit": 608500000,
        "netincomeloss": 2331400000,
        "othercomprehensiveincomelossavailableforsalesecuritiesadjustmentnetoftax": -207800000,
        "othercomprehensiveincomelosscashflowhedgegainlossafterreclassificationandtax": 100000,
        "othercomprehensiveincomelossforeigncurrencytransactionandtranslationadjustmentnetoftax": -200000,
        "othercomprehensiveincomelossnetoftax": -207900000,
        "comprehensiveincomenetoftax": 2123500000,
        "preferredstockdividendsincomestatementimpact": 17000000,
        "netincomelossavailabletocommonstockholdersbasic": 2314400000,
        "weightedaveragenumberofsharesoutstandingbasic": 585400000,
        "weightedaveragenumberdilutedsharesoutstandingadjustment": 1900000,
        "weightedaveragenumberofdilutedsharesoutstanding": 587300000,
        "earningspersharebasic": 3.95,
        "earningspersharediluted": 3.94
    },
    {
        "date": "2023-06-29",
        "symbol": "PGR",
        "period": "Q2",
        "premiumsearnednetpropertyandcasualty": 14464400000,
        "interestanddividendincomeoperating": 454500000,
        "debtandequitysecuritiesrealizedgainloss": 135100000,
        "debtandequitysecuritiesunrealizedgainloss": -6000000,
        "otherthantemporaryimpairmentcreditlossesrecognizedinearningsotherassets": 2200000,
        "debtandequitysecuritiesgainloss": 126900000,
        "feesandotherrevenues": 226700000,
        "noninsuranceservicerevenues": 81000000,
        "revenues": 15353500000,
        "incurredclaimspropertycasualtyandliability": 12170100000,
        "deferredpolicyacquisitioncostamortizationexpense": 1153600000,
        "otherunderwritingexpense": 1431700000,
        "investmentincomeinvestmentexpense": 6100000,
        "noninsuranceserviceexpenses": 90600000,
        "interestexpensedebt": 65700000,
        "benefitslossesandexpenses": 14917800000,
        "incomelossfromcontinuingoperationsbeforeincometaxesextraordinaryitemsnoncontrollinginterest": 435700000,
        "incometaxexpensebenefit": 90300000,
        "netincomeloss": 345400000,
        "othercomprehensiveincomelossavailableforsalesecuritiesadjustmentnetoftax": -455600000,
        "othercomprehensiveincomelosscashflowhedgegainlossafterreclassificationandtax": 100000,
        "othercomprehensiveincomelossforeigncurrencytransactionandtranslationadjustmentnetoftax": 200000,
        "othercomprehensiveincomelossnetoftax": -455300000,
        "comprehensiveincomenetoftax": -109900000,
        "preferredstockdividendsincomestatementimpact": 9500000,
        "netincomelossavailabletocommonstockholdersbasic": 335900000,
        "weightedaveragenumberofsharesoutstandingbasic": 584900000,
        "weightedaveragenumberdilutedsharesoutstandingadjustment": 2100000,
        "weightedaveragenumberofdilutedsharesoutstanding": 587000000,
        "earningspersharebasic": 0.57,
        "earningspersharediluted": 0.57
    },
    {
        "date": "2023-03-30",
        "symbol": "PGR",
        "period": "Q1",
        "premiumsearnednetpropertyandcasualty": 13533100000,
        "interestanddividendincomeoperating": 419600000,
        "debtandequitysecuritiesrealizedgainloss": -30300000,
        "debtandequitysecuritiesunrealizedgainloss": 104400000,
        "otherthantemporaryimpairmentcreditlossesrecognizedinearningsotherassets": 2300000,
        "debtandequitysecuritiesgainloss": 71800000,
        "feesandotherrevenues": 206200000,
        "noninsuranceservicerevenues": 72500000,
        "revenues": 14303200000,
        "incurredclaimspropertycasualtyandliability": 10624000000,
        "deferredpolicyacquisitioncostamortizationexpense": 1115800000,
        "otherunderwritingexpense": 1857900000,
        "investmentincomeinvestmentexpense": 5500000,
        "noninsuranceserviceexpenses": 82300000,
        "interestexpensedebt": 63300000,
        "benefitslossesandexpenses": 13748800000,
        "incomelossfromcontinuingoperationsbeforeincometaxesextraordinaryitemsnoncontrollinginterest": 554400000,
        "incometaxexpensebenefit": 106500000,
        "netincomeloss": 447900000,
        "othercomprehensiveincomelossavailableforsalesecuritiesadjustmentnetoftax": 603200000,
        "othercomprehensiveincomelosscashflowhedgegainlossafterreclassificationandtax": 100000,
        "othercomprehensiveincomelossnetoftax": 603300000,
        "comprehensiveincomenetoftax": 1051200000,
        "preferredstockdividendsincomestatementimpact": 7300000,
        "netincomelossavailabletocommonstockholdersbasic": 440600000,
        "weightedaveragenumberofsharesoutstandingbasic": 584900000,
        "weightedaveragenumberdilutedsharesoutstandingadjustment": 2100000,
        "weightedaveragenumberofdilutedsharesoutstanding": 587000000,
        "earningspersharebasic": 0.75,
        "earningspersharediluted": 0.75
    },
    {
        "date": "2022-09-29",
        "symbol": "PGR",
        "period": "Q3",
        "premiumsearnednetpropertyandcasualty": 12398900000,
        "interestanddividendincomeoperating": 333600000,
        "otherthantemporaryimpairmentcreditlossesrecognizedinearningsotherassets": 2200000,
        "debtandequitysecuritiesgainloss": -216400000,
        "feesandotherrevenues": 181400000,
        "noninsuranceservicerevenues": 82700000,
        "revenues": 12780200000,
        "incurredclaimspropertycasualtyandliability": 10018700000,
        "deferredpolicyacquisitioncostamortizationexpense": 970900000,
        "otherunderwritingexpense": 1496400000,
        "investmentincomeinvestmentexpense": 5800000,
        "noninsuranceserviceexpenses": 82800000,
        "interestexpensedebt": 63100000,
        "benefitslossesandexpenses": 12637700000,
        "incomelossfromcontinuingoperationsbeforeincometaxesextraordinaryitemsnoncontrollinginterest": 142500000,
        "incometaxexpensebenefit": 18400000,
        "netincomeloss": 124100000,
        "othercomprehensiveincomelossavailableforsalesecuritiesadjustmentnetoftax": -920300000,
        "othercomprehensiveincomelossforeigncurrencytransactionandtranslationadjustmentnetoftax": -700000,
        "othercomprehensiveincomelossnetoftax": -920900000,
        "comprehensiveincomenetoftax": -796800000,
        "preferredstockdividendsincomestatementimpact": 6700000,
        "netincomelossavailabletocommonstockholdersbasic": 117400000,
        "weightedaveragenumberdilutedsharesoutstandingadjustment": 600000,
        "weightedaveragenumberofdilutedsharesoutstanding": 700000,
        "earningspersharebasic": 0.19999999999999996,
        "earningspersharediluted": 0.19999999999999996
    },
    {
        "date": "2022-06-29",
        "symbol": "PGR",
        "period": "Q2",
        "premiumsearnednetpropertyandcasualty": 12147900000,
        "interestanddividendincomeoperating": 292400000,
        "otherthantemporaryimpairmentcreditlossesrecognizedinearningsotherassets": 2100000,
        "debtandequitysecuritiesgainloss": -1177700000,
        "feesandotherrevenues": 176500000,
        "noninsuranceservicerevenues": 80100000,
        "revenues": 11519200000,
        "incurredclaimspropertycasualtyandliability": 9421100000,
        "deferredpolicyacquisitioncostamortizationexpense": 933600000,
        "otherunderwritingexpense": 1431200000,
        "investmentincomeinvestmentexpense": 5900000,
        "noninsuranceserviceexpenses": 75500000,
        "interestexpensedebt": 63000000,
        "benefitslossesandexpenses": 12155100000,
        "incomelossfromcontinuingoperationsbeforeincometaxesextraordinaryitemsnoncontrollinginterest": -635900000,
        "incometaxexpensebenefit": -93000000,
        "netincomeloss": -542900000,
        "othercomprehensiveincomelossavailableforsalesecuritiesadjustmentnetoftax": -822800000,
        "othercomprehensiveincomelosscashflowhedgegainlossafterreclassificationandtax": 0,
        "othercomprehensiveincomelossforeigncurrencytransactionandtranslationadjustmentnetoftax": -400000,
        "othercomprehensiveincomelossnetoftax": -823200000,
        "comprehensiveincomenetoftax": -1366100000,
        "preferredstockdividendsincomestatementimpact": 6700000,
        "netincomelossavailabletocommonstockholdersbasic": -549600000,
        "weightedaveragenumberofsharesoutstandingbasic": 0,
        "weightedaveragenumberdilutedsharesoutstandingadjustment": 100000,
        "weightedaveragenumberofdilutedsharesoutstanding": 100000,
        "earningspersharebasic": -0.94,
        "earningspersharediluted": -0.9299999999999999
    },
    {
        "date": "2022-03-30",
        "symbol": "PGR",
        "period": "Q1",
        "premiumsearnednetpropertyandcasualty": 11802900000,
        "interestanddividendincomeoperating": 242200000,
        "debtandequitysecuritiesrealizedgainlossexcludingotherthantemporaryimpairment": -54500000,
        "debtandequitysecuritiesunrealizedgainlossexcludingotherthantemporaryimpairment": -388600000,
        "otherthantemporaryimpairmentcreditlossesrecognizedinearningsotherassets": 2200000,
        "debtandequitysecuritiesgainloss": -445300000,
        "feesandotherrevenues": 174000000,
        "noninsuranceservicerevenues": 67700000,
        "revenues": 11841500000,
        "incurredclaimspropertycasualtyandliability": 8858400000,
        "deferredpolicyacquisitioncostamortizationexpense": 963400000,
        "otherunderwritingexpense": 1506300000,
        "investmentincomeinvestmentexpense": 5700000,
        "noninsuranceserviceexpenses": 63200000,
        "interestexpensedebt": 54300000,
        "benefitslossesandexpenses": 11451300000,
        "incomelossfromcontinuingoperationsbeforeincometaxesextraordinaryitemsnoncontrollinginterest": 390200000,
        "incometaxexpensebenefit": 76300000,
        "netincomeloss": 313900000,
        "othercomprehensiveincomelossavailableforsalesecuritiesadjustmentnetoftax": -1426900000,
        "othercomprehensiveincomelosscashflowhedgegainlossafterreclassificationandtax": 200000,
        "othercomprehensiveincomelossforeigncurrencytransactionandtranslationadjustmentnetoftax": 200000,
        "othercomprehensiveincomelossnetoftax": -1426500000,
        "comprehensiveincomenetoftax": -1112600000,
        "preferredstockdividendsincomestatementimpact": 6700000,
        "netincomelossavailabletocommonstockholdersbasic": 307200000,
        "weightedaveragenumberofsharesoutstandingbasic": 584300000,
        "weightedaveragenumberdilutedsharesoutstandingadjustment": 2000000,
        "weightedaveragenumberofdilutedsharesoutstanding": 586300000,
        "earningspersharebasic": 0.53,
        "earningspersharediluted": 0.52
    },
    {
        "date": "2021-09-29",
        "symbol": "PGR",
        "period": "Q3",
        "premiumsearnednetpropertyandcasualty": 11364800000,
        "interestanddividendincomeoperating": 208900000,
        "debtandequitysecuritiesrealizedgainlossexcludingotherthantemporaryimpairment": 53900000,
        "debtandequitysecuritiesunrealizedgainlossexcludingotherthantemporaryimpairment": -15900000,
        "otherthantemporaryimpairmentcreditlossesrecognizedinearningsotherassets": 1200000,
        "debtandequitysecuritiesgainloss": 36800000,
        "feesandotherrevenues": 174900000,
        "noninsuranceservicerevenues": 73800000,
        "revenues": 11859200000,
        "incurredclaimspropertycasualtyandliability": 9250700000,
        "deferredpolicyacquisitioncostamortizationexpense": 951500000,
        "otherunderwritingexpense": 1384400000,
        "investmentincomeinvestmentexpense": 6600000,
        "noninsuranceserviceexpenses": 72800000,
        "interestexpensedebt": 54200000,
        "benefitslossesandexpenses": 11720200000,
        "incomelossfromcontinuingoperationsbeforeincometaxesextraordinaryitemsnoncontrollinginterest": 139000000,
        "incometaxexpensebenefit": 20500000,
        "netincomeloss": 118500000,
        "othercomprehensiveincomelossavailableforsalesecuritiesadjustmentnetoftax": -129800000,
        "othercomprehensiveincomelosscashflowhedgegainlossafterreclassificationandtax": 100000,
        "othercomprehensiveincomelossforeigncurrencytransactionandtranslationadjustmentnetoftax": -200000,
        "othercomprehensiveincomelossnetoftax": -129900000,
        "comprehensiveincomenetoftax": -11400000,
        "preferredstockdividendsincomestatementimpact": 6700000,
        "netincomelossavailabletocommonstockholdersbasic": 111800000,
        "weightedaveragenumberofsharesoutstandingbasic": 584700000,
        "weightedaveragenumberdilutedsharesoutstandingadjustment": 2400000,
        "weightedaveragenumberofdilutedsharesoutstanding": 587100000,
        "earningspersharebasic": 0.19,
        "earningspersharediluted": 0.19
    },
    {
        "date": "2021-06-29",
        "symbol": "PGR",
        "period": "Q2",
        "premiumsearnednetpropertyandcasualty": 10982300000,
        "interestanddividendincomeoperating": 210700000,
        "debtandequitysecuritiesrealizedgainlossexcludingotherthantemporaryimpairment": 410100000,
        "debtandequitysecuritiesunrealizedgainlossexcludingotherthantemporaryimpairment": 54200000,
        "otherthantemporaryimpairmentlossesinvestmentsportionrecognizedinearningsnet": 2500000,
        "debtandequitysecuritiesgainloss": 461800000,
        "feesandotherrevenues": 176200000,
        "noninsuranceservicerevenues": 74500000,
        "revenues": 11905500000,
        "incurredclaimspropertycasualtyandliability": 8406400000,
        "deferredpolicyacquisitioncostamortizationexpense": 928800000,
        "otherunderwritingexpense": 1440500000,
        "investmentincomeinvestmentexpense": 6300000,
        "noninsuranceserviceexpenses": 67900000,
        "interestexpensedebt": 56400000,
        "benefitslossesandexpenses": 10906300000,
        "incomelossfromcontinuingoperationsbeforeincometaxesminorityinterestandincomelossfromequitymethodinvestments": 999200000,
        "incometaxexpensebenefit": 209100000,
        "profitloss": 790100000,
        "othercomprehensiveincomelossavailableforsalesecuritiesadjustmentnetoftax": 91100000,
        "othercomprehensiveincomelossderivativesqualifyingashedgesnetoftax": 300000,
        "othercomprehensiveincomelossforeigncurrencytransactionandtranslationadjustmentnetoftax": -500000,
        "othercomprehensiveincomelossnetoftax": 90900000,
        "comprehensiveincomenetoftax": 881000000,
        "netincomeloss": 790100000,
        "preferredstockdividendsincomestatementimpact": 6700000,
        "netincomelossavailabletocommonstockholdersbasic": 783400000,
        "weightedaveragenumberofsharesoutstandingbasic": 584600000,
        "weightedaveragenumberdilutedsharesoutstandingadjustment": 2200000,
        "weightedaveragenumberofdilutedsharesoutstanding": 586800000,
        "earningspersharebasic": 1.34,
        "earningspersharediluted": 1.34
    },
    {
        "date": "2021-03-30",
        "symbol": "PGR",
        "period": "Q1",
        "premiumsearnednetpropertyandcasualty": 10420200000,
        "interestanddividendincomeoperating": 220200000,
        "debtandequitysecuritiesrealizedgainlossexcludingotherthantemporaryimpairment": 143800000,
        "debtandequitysecuritiesunrealizedgainlossexcludingotherthantemporaryimpairment": 441500000,
        "debtandequitysecuritiesgainloss": 585300000,
        "feesandotherrevenues": 165700000,
        "noninsuranceservicerevenues": 53800000,
        "revenues": 11445200000,
        "incurredclaimspropertycasualtyandliability": 7110500000,
        "deferredpolicyacquisitioncostamortizationexpense": 874400000,
        "otherunderwritingexpense": 1481100000,
        "investmentincomeinvestmentexpense": 5600000,
        "noninsuranceserviceexpenses": 49300000,
        "interestexpensedebt": 56400000,
        "benefitslossesandexpenses": 9577300000,
        "incomelossfromcontinuingoperationsbeforeincometaxesminorityinterestandincomelossfromequitymethodinvestments": 1867900000,
        "incometaxexpensebenefit": 387900000,
        "profitloss": 1480000000,
        "netincomeloss": 1480000000,
        "othercomprehensiveincomelossavailableforsalesecuritiesadjustmentnetoftax": -539600000,
        "othercomprehensiveincomelossderivativesqualifyingashedgesnetoftax": 200000,
        "othercomprehensiveincomelossnetoftax": -539400000,
        "comprehensiveincomenetoftax": 940600000,
        "preferredstockdividendsincomestatementimpact": 6700000,
        "netincomelossavailabletocommonstockholdersbasic": 1473300000,
        "weightedaveragenumberofsharesoutstandingbasic": 584900000,
        "weightedaveragenumberdilutedsharesoutstandingadjustment": 2000000,
        "weightedaveragenumberofdilutedsharesoutstanding": 586900000,
        "earningspersharebasic": 2.52,
        "earningspersharediluted": 2.51
    },
    {
        "date": "2020-12-30",
        "symbol": "PGR",
        "period": "Q4",
        "premiumsearnednetpropertyandcasualty": 10208800000,
        "interestanddividendincomeoperating": 221100000,
        "debtandequitysecuritiesrealizedgainlossexcludingotherthantemporaryimpairment": 143600000,
        "debtandequitysecuritiesunrealizedgainlossexcludingotherthantemporaryimpairment": 616600000,
        "debtandequitysecuritiesgainloss": 760200000,
        "feesandotherrevenues": 168700000,
        "noninsuranceservicerevenues": 57000000,
        "revenues": -25354900000,
        "incurredclaimspropertycasualtyandliability": 6932100000,
        "deferredpolicyacquisitioncostamortizationexpense": 859700000,
        "otherunderwritingexpense": 1390300000,
        "investmentincomeinvestmentexpense": 5500000,
        "noninsuranceserviceexpenses": 50800000,
        "interestexpensedebt": 57300000,
        "benefitslossesandexpenses": -25916100000,
        "incomelossfromcontinuingoperationsbeforeincometaxesminorityinterestandincomelossfromequitymethodinvestments": 561200000,
        "incometaxexpensebenefit": -1123100000,
        "profitloss": 1684300000,
        "netincomeloss": 1684300000,
        "othercomprehensiveincomelossavailableforsalesecuritiesadjustmentnetoftax": -19100000,
        "othercomprehensiveincomelossderivativesqualifyingashedgesnetoftax": 200000,
        "comprehensiveincomenetoftaxincludingportionattributabletononcontrollinginterest": -18900000,
        "comprehensiveincomenetoftax": 1665400000,
        "preferredstockdividendsincomestatementimpact": 6800000,
        "netincomelossavailabletocommonstockholdersbasic": 1677500000,
        "weightedaveragenumberofsharesoutstandingbasic": 0,
        "weightedaveragenumberdilutedsharesoutstandingadjustment": -100000,
        "weightedaveragenumberofdilutedsharesoutstanding": -100000,
        "earningspersharebasic": 2.870000000000001,
        "earningspersharediluted": 2.8500000000000005
    },
    {
        "date": "2020-09-29",
        "symbol": "PGR",
        "period": "Q3",
        "premiumsearnednetpropertyandcasualty": 9973500000,
        "interestanddividendincomeoperating": 230500000,
        "debtandequitysecuritiesrealizedgainlossexcludingotherthantemporaryimpairment": 195900000,
        "debtandequitysecuritiesunrealizedgainlossexcludingotherthantemporaryimpairment": 336700000,
        "debtandequitysecuritiesgainloss": 532600000,
        "feesandotherrevenues": 151800000,
        "noninsuranceservicerevenues": 58800000,
        "revenues": 10947200000,
        "incurredclaimspropertycasualtyandliability": 6713100000,
        "deferredpolicyacquisitioncostamortizationexpense": 835200000,
        "otherunderwritingexpense": 1330900000,
        "investmentincomeinvestmentexpense": 4700000,
        "noninsuranceserviceexpenses": 54400000,
        "interestexpensedebt": 56400000,
        "benefitslossesandexpenses": 9023700000,
        "incomelossfromcontinuingoperationsbeforeincometaxesminorityinterestandincomelossfromequitymethodinvestments": 1923500000,
        "incometaxexpensebenefit": 392700000,
        "profitloss": 1530800000,
        "netincomeloss": 1537200000,
        "othercomprehensiveincomelossavailableforsalesecuritiesadjustmentnetoftax": -24600000,
        "othercomprehensiveincomelossderivativesqualifyingashedgesnetoftax": 200000,
        "comprehensiveincomenetoftaxincludingportionattributabletononcontrollinginterest": -24400000,
        "othercomprehensiveincomelossnetoftaxportionattributabletononcontrollinginterest": 0,
        "comprehensiveincomenetoftax": 1513300000,
        "preferredstockdividendsincomestatementimpact": 6700000,
        "netincomelossavailabletocommonstockholdersbasic": 1530500000,
        "weightedaveragenumberofsharesoutstandingbasic": -584600000,
        "weightedaveragenumberdilutedsharesoutstandingadjustment": -1800000,
        "weightedaveragenumberofdilutedsharesoutstanding": -586400000,
        "earningspersharebasic": 2.62,
        "earningspersharediluted": 2.5999999999999996
    },
    {
        "date": "2020-06-29",
        "symbol": "PGR",
        "period": "Q2",
        "premiumsearnednetpropertyandcasualty": 9648600000,
        "interestanddividendincomeoperating": 243800000,
        "debtandequitysecuritiesrealizedgainlossexcludingotherthantemporaryimpairment": 260000000,
        "debtandequitysecuritiesunrealizedgainlossexcludingotherthantemporaryimpairment": 630800000,
        "debtandequitysecuritiesgainloss": 890800000,
        "feesandotherrevenues": 129500000,
        "noninsuranceservicerevenues": 59000000,
        "revenues": 10971700000,
        "incurredclaimspropertycasualtyandliability": 5321400000,
        "deferredpolicyacquisitioncostamortizationexpense": 795500000,
        "otherunderwritingexpense": 1438900000,
        "creditpaymentstopolicyholders": 1033400000,
        "investmentincomeinvestmentexpense": 4500000,
        "noninsuranceserviceexpenses": 52800000,
        "interestexpensedebt": 56400000,
        "benefitslossesandexpenses": 8702900000,
        "incomelossfromcontinuingoperationsbeforeincometaxesminorityinterestandincomelossfromequitymethodinvestments": 2268800000,
        "incometaxexpensebenefit": 478400000,
        "profitloss": 1790400000,
        "netincomeloss": 1790400000,
        "othercomprehensiveincomelossavailableforsalesecuritiesadjustmentnetoftax": 567400000,
        "othercomprehensiveincomelossderivativesqualifyingashedgesnetoftax": 200000,
        "comprehensiveincomenetoftaxincludingportionattributabletononcontrollinginterest": 567600000,
        "othercomprehensiveincomelossnetoftaxportionattributabletononcontrollinginterest": -3200000,
        "comprehensiveincomenetoftax": 2358000000,
        "preferredstockdividendsincomestatementimpact": 6700000,
        "netincomelossavailabletocommonstockholdersbasic": 1783700000,
        "weightedaveragenumberofsharesoutstandingbasic": 584800000,
        "weightedaveragenumberdilutedsharesoutstandingadjustment": 2400000,
        "weightedaveragenumberofdilutedsharesoutstanding": 587200000,
        "earningspersharebasic": 3.05,
        "earningspersharediluted": 3.04
    },
    {
        "date": "2020-03-30",
        "symbol": "PGR",
        "period": "Q1",
        "premiumsearnednetpropertyandcasualty": 9430700000,
        "interestanddividendincomeoperating": 241200000,
        "debtandequitysecuritiesrealizedgainlossexcludingotherthantemporaryimpairment": 315200000,
        "debtandequitysecuritiesunrealizedgainlossexcludingotherthantemporaryimpairment": -868800000,
        "debtandequitysecuritiesgainloss": -553600000,
        "feesandotherrevenues": 153500000,
        "noninsuranceservicerevenues": 51600000,
        "revenues": 9323400000,
        "incurredclaimspropertycasualtyandliability": 6155200000,
        "deferredpolicyacquisitioncostamortizationexpense": 782800000,
        "otherunderwritingexpense": 1409900000,
        "investmentincomeinvestmentexpense": 5300000,
        "noninsuranceserviceexpenses": 47500000,
        "interestexpensedebt": 48000000,
        "benefitslossesandexpenses": 8448700000,
        "incomelossfromcontinuingoperationsbeforeincometaxesminorityinterestandincomelossfromequitymethodinvestments": 874700000,
        "incometaxexpensebenefit": 175600000,
        "profitloss": 699100000,
        "netincomelossattributabletononcontrollinginterest": 6400000,
        "netincomeloss": 692700000,
        "othercomprehensiveincomelossavailableforsalesecuritiesadjustmentnetoftax": 62800000,
        "othercomprehensiveincomelossderivativesqualifyingashedgesnetoftax": 200000,
        "comprehensiveincomenetoftaxincludingportionattributabletononcontrollinginterest": 63000000,
        "othercomprehensiveincomelossnetoftaxportionattributabletononcontrollinginterest": 500000,
        "comprehensiveincomenetoftax": 755200000,
        "preferredstockdividendsincomestatementimpact": 6700000,
        "netincomelossavailabletocommonstockholdersbasic": 686000000,
        "weightedaveragenumberofsharesoutstandingbasic": 584700000,
        "weightedaveragenumberdilutedsharesoutstandingadjustment": 2200000,
        "weightedaveragenumberofdilutedsharesoutstanding": 586900000,
        "earningspersharebasic": 1.17,
        "earningspersharediluted": 1.17
    },
    {
        "date": "2019-12-30",
        "symbol": "PGR",
        "period": "Q4",
        "premiumsearnednetpropertyandcasualty": 9895700000,
        "interestanddividendincomeoperating": 264800000,
        "debtandequitysecuritiesrealizedgainlossexcludingotherthantemporaryimpairment": 149300000,
        "debtandequitysecuritiesunrealizedgainlossexcludingotherthantemporaryimpairment": 221000000,
        "debtandequitysecuritiesgainloss": 369400000,
        "feesandotherrevenues": 160300000,
        "noninsuranceservicerevenues": 50900000,
        "revenues": -32783500000,
        "incurredclaimspropertycasualtyandliability": 7147100000,
        "deferredpolicyacquisitioncostamortizationexpense": 822500000,
        "otherunderwritingexpense": 1332100000,
        "investmentincomeinvestmentexpense": 6300000,
        "noninsuranceserviceexpenses": 46800000,
        "interestexpensedebt": 48100000,
        "benefitslossesandexpenses": -24247300000,
        "incomelossfromcontinuingoperationsbeforeincometaxesminorityinterestandincomelossfromequitymethodinvestments": -1518500000,
        "incometaxexpensebenefit": -968500000,
        "profitloss": 1074600000,
        "netincomelossattributabletononcontrollinginterest": 3800000,
        "netincomeloss": 1070800000,
        "othercomprehensiveincomelossavailableforsalesecuritiesadjustmentnetoftax": -170200000,
        "othercomprehensiveincomelossderivativesqualifyingashedgesnetoftax": 200000,
        "comprehensiveincomenetoftaxincludingportionattributabletononcontrollinginterest": -170000000,
        "othercomprehensiveincomelossnetoftaxportionattributabletononcontrollinginterest": -1200000,
        "comprehensiveincomenetoftax": 902000000,
        "preferredstockdividendsincomestatementimpact": 6800000,
        "netincomelossavailabletocommonstockholdersbasic": 1064000000,
        "weightedaveragenumberdilutedsharesoutstandingadjustment": -2800000,
        "weightedaveragenumberofdilutedsharesoutstanding": -586600000,
        "earningspersharebasic": 1.82,
        "earningspersharediluted": 1.8199999999999998
    },
    {
        "date": "2019-09-29",
        "symbol": "PGR",
        "period": "Q3",
        "premiumsearnednetpropertyandcasualty": 9012200000,
        "interestanddividendincomeoperating": 263000000,
        "debtandequitysecuritiesrealizedgainlossexcludingotherthantemporaryimpairment": 71700000,
        "debtandequitysecuritiesunrealizedgainlossexcludingotherthantemporaryimpairment": 31800000,
        "otherthantemporaryimpairmentlossesinvestmentsportionrecognizedinearningsnet": 38100000,
        "debtandequitysecuritiesgainloss": 65400000,
        "feesandotherrevenues": 138400000,
        "noninsuranceservicerevenues": 51500000,
        "revenues": 9530500000,
        "incurredclaimspropertycasualtyandliability": 6426300000,
        "deferredpolicyacquisitioncostamortizationexpense": 751500000,
        "otherunderwritingexpense": 1240300000,
        "investmentincomeinvestmentexpense": 5900000,
        "noninsuranceserviceexpenses": 48700000,
        "interestexpensedebt": 47500000,
        "benefitslossesandexpenses": 8520200000,
        "incomelossfromcontinuingoperationsbeforeincometaxesminorityinterestandincomelossfromequitymethodinvestments": 1010300000,
        "incometaxexpensebenefit": 166700000,
        "profitloss": 843600000,
        "netincomelossattributabletononcontrollinginterest": 1900000,
        "netincomeloss": 841700000,
        "othercomprehensiveincomelossavailableforsalesecuritiesadjustmentnetoftax": 58100000,
        "othercomprehensiveincomelossderivativesqualifyingashedgesnetoftax": 200000,
        "comprehensiveincomenetoftaxincludingportionattributabletononcontrollinginterest": 58300000,
        "othercomprehensiveincomelossnetoftaxportionattributabletononcontrollinginterest": 900000,
        "comprehensiveincomenetoftax": 899100000,
        "preferredstockdividendsincomestatementimpact": 6700000,
        "netincomelossavailabletocommonstockholdersbasic": 835000000,
        "weightedaveragenumberofsharesoutstandingbasic": 584100000,
        "weightedaveragenumberdilutedsharesoutstandingadjustment": 3000000,
        "weightedaveragenumberofdilutedsharesoutstanding": 587100000,
        "earningspersharebasic": 1.43,
        "earningspersharediluted": 1.42
    },
    {
        "date": "2019-06-29",
        "symbol": "PGR",
        "period": "Q2",
        "premiumsearnednetpropertyandcasualty": 8824700000,
        "interestanddividendincomeoperating": 261300000,
        "debtandequitysecuritiesrealizedgainlossexcludingotherthantemporaryimpairment": 67500000,
        "debtandequitysecuritiesunrealizedgainlossexcludingotherthantemporaryimpairment": 112400000,
        "otherthantemporaryimpairmentlossesinvestmentsportionrecognizedinearningsnet": 0,
        "debtandequitysecuritiesgainloss": 179900000,
        "feesandotherrevenues": 134800000,
        "noninsuranceservicerevenues": 50000000,
        "revenues": 18083300000,
        "incurredclaimspropertycasualtyandliability": 6138100000,
        "deferredpolicyacquisitioncostamortizationexpense": 738600000,
        "otherunderwritingexpense": 1231500000,
        "investmentincomeinvestmentexpense": 6200000,
        "noninsuranceserviceexpenses": 45300000,
        "interestexpensedebt": 47400000,
        "benefitslossesandexpenses": 8207100000,
        "incomelossfromcontinuingoperationsbeforeincometaxesminorityinterestandincomelossfromequitymethodinvestments": 2858500000,
        "incometaxexpensebenefit": 264600000,
        "profitloss": 979000000,
        "netincomelossattributabletononcontrollinginterest": -400000,
        "netincomeloss": 979400000,
        "othercomprehensiveincomelossavailableforsalesecuritiesadjustmentnetoftax": 277400000,
        "othercomprehensiveincomelossderivativesqualifyingashedgesnetoftax": 200000,
        "comprehensiveincomenetoftaxincludingportionattributabletononcontrollinginterest": 277600000,
        "othercomprehensiveincomelossnetoftaxportionattributabletononcontrollinginterest": 2600000,
        "comprehensiveincomenetoftax": 1254400000,
        "preferredstockdividendsincomestatementimpact": 6700000,
        "netincomelossavailabletocommonstockholdersbasic": 972700000,
        "weightedaveragenumberofsharesoutstandingbasic": 0,
        "weightedaveragenumberdilutedsharesoutstandingadjustment": 100000,
        "weightedaveragenumberofdilutedsharesoutstanding": 100000,
        "earningspersharebasic": 1.66,
        "earningspersharediluted": 1.65
    },
    {
        "date": "2019-03-30",
        "symbol": "PGR",
        "period": "Q1",
        "premiumsearnednetpropertyandcasualty": 8459800000,
        "interestanddividendincomeoperating": 252900000,
        "debtandequitysecuritiesrealizedgainlossexcludingotherthantemporaryimpairment": 46100000,
        "debtandequitysecuritiesunrealizedgainlossexcludingotherthantemporaryimpairment": 392700000,
        "otherthantemporaryimpairmentlossesinvestmentsportionrecognizedinearningsnet": 24300000,
        "debtandequitysecuritiesgainloss": 414500000,
        "feesandotherrevenues": 130200000,
        "noninsuranceservicerevenues": 42600000,
        "revenues": 9300000000,
        "incurredclaimspropertycasualtyandliability": 5759000000,
        "deferredpolicyacquisitioncostamortizationexpense": 710600000,
        "otherunderwritingexpense": 1171200000,
        "investmentincomeinvestmentexpense": 6200000,
        "noninsuranceserviceexpenses": 38100000,
        "interestexpensedebt": 47400000,
        "benefitslossesandexpenses": 7732500000,
        "incomelossfromcontinuingoperationsbeforeincometaxesminorityinterestandincomelossfromequitymethodinvestments": 1567500000,
        "incometaxexpensebenefit": 484700000,
        "profitloss": 1082800000,
        "netincomelossattributabletononcontrollinginterest": 4400000,
        "netincomeloss": 1078400000,
        "othercomprehensiveincomelossavailableforsalesecuritiesadjustmentnetoftax": 301100000,
        "othercomprehensiveincomelossderivativesqualifyingashedgesnetoftax": 200000,
        "comprehensiveincomenetoftaxincludingportionattributabletononcontrollinginterest": 301300000,
        "othercomprehensiveincomelossnetoftaxportionattributabletononcontrollinginterest": 2300000,
        "comprehensiveincomenetoftax": 1377400000,
        "preferredstockdividendsincomestatementimpact": 6700000,
        "netincomelossavailabletocommonstockholdersbasic": 1071700000,
        "weightedaveragenumberofsharesoutstandingbasic": 583500000,
        "weightedaveragenumberdilutedsharesoutstandingadjustment": 3100000,
        "weightedaveragenumberofdilutedsharesoutstanding": 586600000,
        "earningspersharebasic": 1.84,
        "earningspersharediluted": 1.83
    },
    {
        "date": "2018-12-30",
        "symbol": "PGR",
        "period": "Q4",
        "premiumsearnednetpropertyandcasualty": 8194600000,
        "interestanddividendincomeoperating": 244000000,
        "feesandotherrevenues": 129800000,
        "noninsuranceservicerevenues": 38900000,
        "revenues": 3452200000,
        "deferredpolicyacquisitioncostamortizationexpense": 684000000,
        "otherunderwritingexpense": 1072800000,
        "investmentincomeinvestmentexpense": 6300000,
        "noninsuranceserviceexpenses": 32000000,
        "interestexpensedebt": 46300000,
        "benefitslossesandexpenses": -20843100000,
        "incomelossfromcontinuingoperationsbeforeincometaxesminorityinterestandincomelossfromequitymethodinvestments": 208200000,
        "incometaxexpensebenefit": -514700000,
        "profitloss": 259800000,
        "netincomelossattributabletononcontrollinginterest": -4900000,
        "netincomeloss": 264700000,
        "othercomprehensiveincomelossavailableforsalesecuritiesadjustmentnetoftax": 144300000,
        "othercomprehensiveincomelossderivativesqualifyingashedgesnetoftax": 200000,
        "comprehensiveincomenetoftaxincludingportionattributabletononcontrollinginterest": 144500000,
        "othercomprehensiveincomelossnetoftaxportionattributabletononcontrollinginterest": 1700000,
        "comprehensiveincomenetoftax": 407500000,
        "preferredstockdividendsincomestatementimpact": 6800000,
        "netincomelossavailabletocommonstockholdersbasic": 257900000,
        "weightedaveragenumberofsharesoutstandingbasic": 200000,
        "weightedaveragenumberdilutedsharesoutstandingadjustment": -200000,
        "weightedaveragenumberofdilutedsharesoutstanding": 0,
        "earningspersharebasic": 0.4400000000000006,
        "earningspersharediluted": 0.4399999999999997
    },
    {
        "date": "2018-09-29",
        "symbol": "PGR",
        "period": "Q3",
        "premiumsearnednetpropertyandcasualty": 7930500000,
        "periodoverprioryearperiodpercentincreasedecreasenetpremiumsearned": -0.19999999999999998,
        "interestanddividendincomeoperating": 218100000,
        "periodoverprioryearperiodpercentincreasedecreaseinvestmentincome": -0.26999999999999996,
        "periodoverprioryearperiodpercentincreasedecreasenetrealizedgainslossesonsecuritysales": 0.9199999999999999,
        "periodoverprioryearperiodpercentincreasedecreasenetimpairmentlossesrecognizedinearnings": 0.77,
        "periodoverprioryearperiodpercentincreasedecreasetotalnetrealizedgainslossesonsecurities": 3.7199999999999998,
        "feesandotherrevenues": 122600000,
        "periodoverprioryearperiodpercentincreasedecreasefeesandotherrevenue": -0.26,
        "noninsuranceservicerevenues": 42500000,
        "periodoverprioryearperiodpercentincreasedecreaseservicerevenue": -0.24,
        "revenues": 3337200000,
        "periodoverprioryearperiodpercentincreasedecreaserevenue": -0.18,
        "periodoverprioryearperiodpercentincreasedecreaselossandlossadjustmentexpenses": -0.17,
        "deferredpolicyacquisitioncostamortizationexpense": 662700000,
        "periodoverprioryearperiodpercentincreasedecreasepolicyacquisitioncosts": -0.21000000000000002,
        "otherunderwritingexpense": 1095900000,
        "periodoverprioryearperiodpercentincreasedecreaseotherunderwritingexpenses": -0.18,
        "investmentincomeinvestmentexpense": 5800000,
        "noninsuranceserviceexpenses": 35800000,
        "periodoverprioryearperiodpercentincreasedecreaseserviceexpenses": -0.25,
        "interestexpensedebt": 42000000,
        "benefitslossesandexpenses": 7365300000,
        "periodoverprioryearperiodpercentincreasedecreaseexpenses": -0.18,
        "incomelossfromcontinuingoperationsbeforeincometaxesminorityinterestandincomelossfromequitymethodinvestments": 294400000,
        "periodoverprioryearperiodpercentincreasedecreaseincomebeforeincometaxexpense": 0.010000000000000064,
        "incometaxexpensebenefit": 200300000,
        "periodoverprioryearperiodpercentincreasedecreaseincometaxexpensebenefit": 0.46,
        "profitloss": 930200000,
        "periodoverprioryearperiodpercentincreasedecreasenetincomeloss": -0.2599999999999999,
        "netincomelossattributabletononcontrollinginterest": 1800000,
        "periodoverprioryearperiodpercentchangeinnetincomelossattributabletononcontrollinginterestnetoftax": 5.2,
        "netincomeloss": 928400000,
        "periodoverprioryearperiodpercentincreasedecreasenetincomelossattributabletoparent": -0.29999999999999993,
        "othercomprehensiveincomelossavailableforsalesecuritiesadjustmentnetoftax": -39000000,
        "periodoverprioryearperiodpercentincreasedecreaseunrealizedgainlossonsecurities": 1.9,
        "othercomprehensiveincomelossderivativesqualifyingashedgesnetoftax": 200000,
        "periodoverprioryearperiodpercentincreasedecreaseunrealizedgainlossonforecastedtransactions": 0.83,
        "periodoverprioryearperiodpercentincreasedecreaseforeigncurrencytranslationgainloss": 1,
        "comprehensiveincomenetoftaxincludingportionattributabletononcontrollinginterest": -38800000,
        "periodoverprioryearperiodpercentincreasedecreaseothercomprehensiveincomeloss": 1.9100000000000001,
        "othercomprehensiveincomelossnetoftaxportionattributabletononcontrollinginterest": -400000,
        "comprehensiveincomenetoftax": 890000000,
        "periodoverprioryearperiodpercentincreasedecreasecomprehensiveincomelossattributabletoparent": 0.13999999999999999,
        "preferredstockdividendsincomestatementimpact": 6700000,
        "netincomelossavailabletocommonstockholdersbasic": 921700000,
        "periodoverprioryearperiodpercentincreasedecreasenetincomelossavailabletocommonstockholders": -0.2899999999999999,
        "weightedaveragenumberofsharesoutstandingbasic": -581800000,
        "weightedaveragenumberdilutedsharesoutstandingadjustment": -2900000,
        "periodoverprioryearperiodpercentincreasedecreaseneteffectofdilutivestockbasedcompensation": -0.45,
        "weightedaveragenumberofdilutedsharesoutstanding": -584700000,
        "earningspersharebasic": 1.5799999999999996,
        "periodoverprioryearperiodpercentincreasedecreasenetincomelosspersharebasic": -0.28,
        "earningspersharediluted": 1.57,
        "periodoverprioryearperiodpercentincreasedecreasenetincomelosspersharediluted": -0.27
    },
    {
        "date": "2018-06-29",
        "symbol": "PGR",
        "period": "Q2",
        "premiumsearnednetpropertyandcasualty": 7634200000,
        "periodoverprioryearperiodpercentincreasedecreasenetpremiumsearned": 0.21,
        "interestanddividendincomeoperating": 192100000,
        "periodoverprioryearperiodpercentincreasedecreaseinvestmentincome": 0.38,
        "debtandequitysecuritiesrealizedgainlossexcludingotherthantemporaryimpairment": -9600000,
        "debtandequitysecuritiesunrealizedgainlossexcludingotherthantemporaryimpairment": 53500000,
        "otherthantemporaryimpairmentlossesinvestmentsportionrecognizedinearningsnet": 11100000,
        "debtandequitysecuritiesgainloss": 32800000,
        "periodoverprioryearperiodpercentincreasedecreasenetrealizedgainslossesonsecuritysales": -1.21,
        "periodoverprioryearperiodpercentincreasedecreasenetimpairmentlossesrecognizedinearnings": -0.2,
        "periodoverprioryearperiodpercentincreasedecreasetotalnetrealizedgainslossesonsecurities": 0.02,
        "feesandotherrevenues": 116000000,
        "periodoverprioryearperiodpercentincreasedecreasefeesandotherrevenue": 0.31,
        "noninsuranceservicerevenues": 42900000,
        "periodoverprioryearperiodpercentincreasedecreaseservicerevenue": 0.31,
        "revenues": 3211800000,
        "periodoverprioryearperiodpercentincreasedecreaserevenue": 0.21,
        "incurredclaimspropertycasualtyandliability": 5375300000,
        "periodoverprioryearperiodpercentincreasedecreaselossandlossadjustmentexpenses": 0.16,
        "deferredpolicyacquisitioncostamortizationexpense": 630800000,
        "periodoverprioryearperiodpercentincreasedecreasepolicyacquisitioncosts": 0.23,
        "otherunderwritingexpense": 1046900000,
        "periodoverprioryearperiodpercentincreasedecreaseotherunderwritingexpenses": 0.24,
        "investmentincomeinvestmentexpense": 6200000,
        "periodoverprioryearperiodpercentincreasedecreaseinvestmentexpenses": -0.06,
        "noninsuranceserviceexpenses": 37000000,
        "periodoverprioryearperiodpercentincreasedecreaseserviceexpenses": 0.37,
        "interestexpensedebt": 41700000,
        "periodoverprioryearperiodpercentincreasedecreaseinterestexpense": -0.04,
        "benefitslossesandexpenses": 7137900000,
        "periodoverprioryearperiodpercentincreasedecreaseexpenses": 0.18,
        "incomelossfromcontinuingoperationsbeforeincometaxesminorityinterestandincomelossfromequitymethodinvestments": 287900000,
        "periodoverprioryearperiodpercentincreasedecreaseincomebeforeincometaxexpense": 0.59,
        "incometaxexpensebenefit": 178900000,
        "periodoverprioryearperiodpercentincreasedecreaseincometaxexpensebenefit": -0.02,
        "profitloss": 701200000,
        "periodoverprioryearperiodpercentincreasedecreasenetincomeloss": 0.88,
        "netincomelossattributabletononcontrollinginterest": -3000000,
        "periodoverprioryearperiodpercentchangeinnetincomelossattributabletononcontrollinginterestnetoftax": -1.59,
        "netincomeloss": 704200000,
        "periodoverprioryearperiodpercentincreasedecreasenetincomelossattributabletoparent": 0.92,
        "othercomprehensiveincomelossavailableforsalesecuritiesadjustmentnetoftax": -50100000,
        "periodoverprioryearperiodpercentincreasedecreaseunrealizedgainlossonsecurities": -1.54,
        "othercomprehensiveincomelossderivativesqualifyingashedgesnetoftax": 200000,
        "periodoverprioryearperiodpercentincreasedecreaseunrealizedgainlossonforecastedtransactions": -1.03,
        "periodoverprioryearperiodpercentincreasedecreaseforeigncurrencytranslationgainloss": -1,
        "comprehensiveincomenetoftaxincludingportionattributabletononcontrollinginterest": -49900000,
        "periodoverprioryearperiodpercentincreasedecreaseothercomprehensiveincomeloss": -1.59,
        "othercomprehensiveincomelossnetoftaxportionattributabletononcontrollinginterest": -600000,
        "periodoverprioryearperiodchangeincomprehensiveincomelossattributabletoncinetoftax": -1.46,
        "comprehensiveincomenetoftax": 654900000,
        "periodoverprioryearperiodpercentincreasedecreasecomprehensiveincomelossattributabletoparent": 0.45,
        "preferredstockdividendsincomestatementimpact": 6700000,
        "netincomelossavailabletocommonstockholdersbasic": 697500000,
        "periodoverprioryearperiodpercentincreasedecreasenetincomelossavailabletocommonstockholders": 0.9,
        "weightedaveragenumberofsharesoutstandingbasic": 582000000,
        "weightedaveragenumberdilutedsharesoutstandingadjustment": 3800000,
        "periodoverprioryearperiodpercentincreasedecreaseneteffectofdilutivestockbasedcompensation": 0.15,
        "weightedaveragenumberofdilutedsharesoutstanding": 585800000,
        "earningspersharebasic": 1.2,
        "periodoverprioryearperiodpercentincreasedecreasenetincomelosspersharebasic": 0.89,
        "earningspersharediluted": 1.19,
        "periodoverprioryearperiodpercentincreasedecreasenetincomelosspersharediluted": 0.89
    },
    {
        "date": "2018-03-30",
        "symbol": "PGR",
        "period": "Q1",
        "premiumsearnednetpropertyandcasualty": 7174000000,
        "periodoverprioryearperiodpercentincreasedecreasenetpremiumsearned": 0.19,
        "interestanddividendincomeoperating": 166300000,
        "periodoverprioryearperiodpercentincreasedecreaseinvestmentincome": 0.29,
        "gainlossonsaleofsecuritiesnet": 107000000,
        "netholdingperiodrealizedgainloss": -155200000,
        "realizedinvestmentgainslosses": -48200000,
        "periodoverprioryearperiodpercentincreasedecreasenetrealizedgainslossesonsecuritysales": 1.05,
        "periodoverprioryearperiodpercentincreasedecreasenetimpairmentlossesrecognizedinearnings": -1,
        "periodoverprioryearperiodpercentincreasedecreasetotalnetrealizedgainslossesonsecurities": -1.93,
        "feesandotherrevenues": 103800000,
        "periodoverprioryearperiodpercentincreasedecreasefeesandotherrevenue": 0.22,
        "noninsuranceservicerevenues": 34200000,
        "periodoverprioryearperiodpercentincreasedecreaseservicerevenue": 0.2,
        "periodoverprioryearperiodpercentincreasedecreaseothergainslosses": -1,
        "revenues": 3016300000,
        "periodoverprioryearperiodpercentincreasedecreaserevenue": 0.18,
        "incurredclaimspropertycasualtyandliability": 4870800000,
        "periodoverprioryearperiodpercentincreasedecreaselossandlossadjustmentexpenses": 0.14,
        "deferredpolicyacquisitioncostamortizationexpense": 596200000,
        "periodoverprioryearperiodpercentincreasedecreasepolicyacquisitioncosts": 0.19,
        "otherunderwritingexpense": 980200000,
        "periodoverprioryearperiodpercentincreasedecreaseotherunderwritingexpenses": 0.16,
        "investmentincomeinvestmentexpense": 6000000,
        "periodoverprioryearperiodpercentincreasedecreaseinvestmentexpenses": 0.07,
        "noninsuranceserviceexpenses": 29300000,
        "periodoverprioryearperiodpercentincreasedecreaseserviceexpenses": 0.13,
        "interestexpensedebt": 36800000,
        "benefitslossesandexpenses": 6519300000,
        "periodoverprioryearperiodpercentincreasedecreaseexpenses": 0.15,
        "incomelossfromcontinuingoperationsbeforeincometaxesminorityinterestandincomelossfromequitymethodinvestments": 298000000,
        "periodoverprioryearperiodpercentincreasedecreaseincomebeforeincometaxexpense": 0.42,
        "incometaxexpensebenefit": 181000000,
        "periodoverprioryearperiodpercentincreasedecreaseincometaxexpensebenefit": -0.14,
        "profitloss": 729800000,
        "periodoverprioryearperiodpercentincreasedecreasenetincomeloss": 0.7,
        "netincomelossattributabletononcontrollinginterest": 11800000,
        "periodoverprioryearperiodpercentchangeinnetincomelossattributabletononcontrollinginterestnetoftax": 0.97,
        "netincomeloss": 718000000,
        "periodoverprioryearperiodpercentincreasedecreasenetincomelossattributabletoparent": 0.69,
        "othercomprehensiveincomelossavailableforsalesecuritiesadjustmentnetoftax": -154500000,
        "periodoverprioryearperiodpercentincreasedecreaseunrealizedgainlossonsecurities": -2.17,
        "othercomprehensiveincomelossderivativesqualifyingashedgesnetoftax": 200000,
        "periodoverprioryearperiodpercentincreasedecreaseunrealizedgainlossonforecastedtransactions": -0.91,
        "periodoverprioryearperiodpercentincreasedecreaseforeigncurrencytranslationgainloss": -1,
        "comprehensiveincomenetoftaxincludingportionattributabletononcontrollinginterest": -154300000,
        "periodoverprioryearperiodpercentincreasedecreaseothercomprehensiveincomeloss": -2.14,
        "othercomprehensiveincomelossnetoftaxportionattributabletononcontrollinginterest": -4000000,
        "comprehensiveincomenetoftax": 567700000,
        "periodoverprioryearperiodpercentincreasedecreasecomprehensiveincomelossattributabletoparent": 0.02,
        "preferredstockdividendsincomestatementimpact": 1200000,
        "netincomelossavailabletocommonstockholdersbasic": 716800000,
        "periodoverprioryearperiodpercentincreasedecreasenetincomelossavailabletocommonstockholders": 0.69,
        "weightedaveragenumberofsharesoutstandingbasic": 582000000,
        "weightedaveragenumberdilutedsharesoutstandingadjustment": 3600000,
        "periodoverprioryearperiodpercentincreasedecreaseneteffectofdilutivestockbasedcompensation": 0.2,
        "weightedaveragenumberofdilutedsharesoutstanding": 585600000,
        "earningspersharebasic": 1.23,
        "periodoverprioryearperiodpercentincreasedecreasenetincomelosspersharebasic": 0.68,
        "earningspersharediluted": 1.22,
        "periodoverprioryearperiodpercentincreasedecreasenetincomelosspersharediluted": 0.68
    },
    {
        "date": "2017-09-29",
        "symbol": "PGR",
        "period": "Q3",
        "premiumsearnednetpropertyandcasualty": 6544000000,
        "interestanddividendincomeoperating": 10600000,
        "periodoverprioryearperiodpercentincreasedecreaseinvestmentincome": 0.020000000000000018,
        "otherthantemporaryimpairmentlossesinvestmentsportionrecognizedinearningsnet": 43000000,
        "gainlossonsaleofsecuritiesnet": 59400000,
        "periodoverprioryearperiodpercentincreasedecreasenetrealizedgainslossesonsecurities": -0.69,
        "realizedinvestmentgainslosses": -24700000,
        "periodoverprioryearperiodpercentincreasedecreasenetrealizedgainslossesandimpairmentlossesonsecurities": 0.3500000000000001,
        "feesandotherrevenues": 96300000,
        "noninsuranceservicerevenues": 33300000,
        "periodoverprioryearperiodpercentincreasedecreaseservicerevenue": 0.03,
        "revenues": 2734800000,
        "incurredclaimspropertycasualtyandliability": 5050500000,
        "deferredpolicyacquisitioncostamortizationexpense": 540100000,
        "periodoverprioryearperiodpercentincreasedecreasepolicyacquisitioncosts": 0,
        "otherunderwritingexpense": 877700000,
        "periodoverprioryearperiodpercentincreasedecreaseotherunderwritingexpenses": 0.030000000000000027,
        "investmentincomeinvestmentexpense": 5800000,
        "periodoverprioryearperiodpercentincreasedecreaseinvestmentexpenses": 0,
        "noninsuranceserviceexpenses": 28900000,
        "periodoverprioryearperiodpercentincreasedecreaseserviceexpenses": 0.01999999999999999,
        "interestexpensedebt": 117100000,
        "periodoverprioryearperiodpercentincreasedecreaseinterestexpense": -0.04000000000000001,
        "benefitslossesandexpenses": 6540400000,
        "incomelossfromcontinuingoperationsbeforeincometaxesminorityinterestandincomelossfromequitymethodinvestments": 128700000,
        "periodoverprioryearperiodpercentincreasedecreaseincomebeforeincometaxexpense": -0.21999999999999997,
        "incometaxexpensebenefit": -416200000,
        "periodoverprioryearperiodpercentincreasedecreaseincometaxexpensebenefit": -0.21000000000000008,
        "profitloss": 214800000,
        "periodoverprioryearperiodpercentincreasedecreasenetincomeloss": -0.22999999999999998,
        "netincomelossattributabletononcontrollinginterest": -9200000,
        "netincomeloss": 224000000,
        "periodoverprioryearperiodpercentincreasedecreasenetincomelossattributabletoparent": -0.19000000000000006,
        "othercomprehensiveincomelossavailableforsalesecuritiesadjustmentnetoftax": 75500000,
        "periodoverprioryearperiodpercentincreasedecreaseunrealizedgainlossonsecurities": -0.19000000000000006,
        "othercomprehensiveincomelossderivativesqualifyingashedgesnetoftax": 100000,
        "othercomprehensiveincomelossforeigncurrencytransactionandtranslationadjustmentnetoftax": 600000,
        "periodoverprioryearperiodpercentincreasedecreaseforeigncurrencytranslationgainloss": 0.64,
        "comprehensiveincomenetoftaxincludingportionattributabletononcontrollinginterest": 76200000,
        "periodoverprioryearperiodpercentincreasedecreaseothercomprehensiveincomeloss": -0.16999999999999993,
        "othercomprehensiveincomelossnetoftaxportionattributabletononcontrollinginterest": 700000,
        "periodoverprioryearperiodchangeincomprehensiveincomelossattributabletoncinetoftax": 0.63,
        "comprehensiveincomenetoftax": 299500000,
        "periodoverprioryearperiodpercentincreasedecreasecomprehensiveincomelossattributabletoparent": -0.19999999999999996,
        "weightedaveragenumberofsharesoutstandingbasic": 300000,
        "weightedaveragenumberdilutedsharesoutstandingadjustment": 1900000,
        "periodoverprioryearperiodpercentincreasedecreaseneteffectofdilutivestockbasedcompensation": 0.3200000000000001,
        "weightedaveragenumberofdilutedsharesoutstanding": 2200000,
        "earningspersharebasic": 0.3899999999999999,
        "periodoverprioryearperiodpercentincreasedecreasenetincomelosspersharebasic": -0.20000000000000007,
        "earningspersharediluted": 0.3699999999999999,
        "periodoverprioryearperiodpercentincreasedecreasenetincomelosspersharediluted": -0.20000000000000007
    },
    {
        "date": "2017-06-29",
        "symbol": "PGR",
        "period": "Q2",
        "premiumsearnednetpropertyandcasualty": 6313300000,
        "periodoverprioryearperiodpercentincreasedecreasenetpremiumsearned": 0,
        "interestanddividendincomeoperating": -113400000,
        "periodoverprioryearperiodpercentincreasedecreaseinvestmentincome": 0.06,
        "otherthantemporaryimpairmentlossesinvestmentsportionrecognizedinearningsnet": 13800000,
        "gainlossonsaleofsecuritiesnet": 4800000,
        "periodoverprioryearperiodpercentincreasedecreasenetrealizedgainslossesonsecurities": -1.06,
        "realizedinvestmentgainslosses": 32100000,
        "periodoverprioryearperiodpercentincreasedecreasenetrealizedgainslossesandimpairmentlossesonsecurities": -1.29,
        "feesandotherrevenues": 88800000,
        "periodoverprioryearperiodpercentincreasedecreasefeesandotherrevenue": 0,
        "noninsuranceservicerevenues": 32700000,
        "periodoverprioryearperiodpercentincreasedecreaseservicerevenue": 0.04999999999999999,
        "gainslossesonextinguishmentofdebt": 0,
        "revenues": 4947700000,
        "periodoverprioryearperiodpercentincreasedecreaserevenue": 0,
        "incurredclaimspropertycasualtyandliability": 4614900000,
        "periodoverprioryearperiodpercentincreasedecreaselossandlossadjustmentexpenses": 0,
        "deferredpolicyacquisitioncostamortizationexpense": 514200000,
        "periodoverprioryearperiodpercentincreasedecreasepolicyacquisitioncosts": -0.010000000000000009,
        "otherunderwritingexpense": 845000000,
        "periodoverprioryearperiodpercentincreasedecreaseotherunderwritingexpenses": -0.009999999999999995,
        "investmentincomeinvestmentexpense": 6600000,
        "periodoverprioryearperiodpercentincreasedecreaseinvestmentexpenses": 0.03999999999999998,
        "noninsuranceserviceexpenses": 27000000,
        "periodoverprioryearperiodpercentincreasedecreaseserviceexpenses": -0.03,
        "interestexpensedebt": -36300000,
        "periodoverprioryearperiodpercentincreasedecreaseinterestexpense": 0.09000000000000001,
        "benefitslossesandexpenses": 6051100000,
        "periodoverprioryearperiodpercentincreasedecreaseexpenses": 0,
        "incomelossfromcontinuingoperationsbeforeincometaxesminorityinterestandincomelossfromequitymethodinvestments": 330200000,
        "periodoverprioryearperiodpercentincreasedecreaseincomebeforeincometaxexpense": 0.10999999999999999,
        "incometaxexpensebenefit": 181900000,
        "periodoverprioryearperiodpercentincreasedecreaseincometaxexpensebenefit": 0.14,
        "profitloss": 372700000,
        "periodoverprioryearperiodpercentincreasedecreasenetincomeloss": 0.10999999999999999,
        "netincomelossattributabletononcontrollinginterest": 5100000,
        "netincomeloss": 367600000,
        "periodoverprioryearperiodpercentincreasedecreasenetincomelossattributabletoparent": 0.12,
        "othercomprehensiveincomelossavailableforsalesecuritiesadjustmentnetoftax": 92600000,
        "periodoverprioryearperiodpercentincreasedecreaseunrealizedgainlossonsecurities": -0.51,
        "othercomprehensiveincomelossderivativesqualifyingashedgesnetoftax": -8000000,
        "othercomprehensiveincomelossforeigncurrencytransactionandtranslationadjustmentnetoftax": -100000,
        "periodoverprioryearperiodpercentincreasedecreaseforeigncurrencytranslationgainloss": -0.09999999999999998,
        "comprehensiveincomenetoftaxincludingportionattributabletononcontrollinginterest": 84500000,
        "periodoverprioryearperiodpercentincreasedecreaseothercomprehensiveincomeloss": -0.58,
        "othercomprehensiveincomelossnetoftaxportionattributabletononcontrollinginterest": 1300000,
        "periodoverprioryearperiodchangeincomprehensiveincomelossattributabletoncinetoftax": 0.19999999999999996,
        "comprehensiveincomenetoftax": 450800000,
        "periodoverprioryearperiodpercentincreasedecreasecomprehensiveincomelossattributabletoparent": -0.04999999999999993,
        "weightedaveragenumberofsharesoutstandingbasic": 100000,
        "weightedaveragenumberdilutedsharesoutstandingadjustment": 100000,
        "periodoverprioryearperiodpercentincreasedecreaseneteffectofdilutivestockbasedcompensation": -0.06,
        "weightedaveragenumberofdilutedsharesoutstanding": 200000,
        "earningspersharebasic": 0.6300000000000001,
        "periodoverprioryearperiodpercentincreasedecreasenetincomelosspersharebasic": 0.12,
        "earningspersharediluted": 0.6300000000000001,
        "periodoverprioryearperiodpercentincreasedecreasenetincomelosspersharediluted": 0.12
    },
    {
        "date": "2017-03-30",
        "symbol": "PGR",
        "period": "Q1",
        "premiumsearnednetpropertyandcasualty": 6026700000,
        "periodoverprioryearperiodpercentincreasedecreasenetpremiumsearned": 0.13,
        "interestanddividendincomeoperating": 129200000,
        "periodoverprioryearperiodpercentincreasedecreaseinvestmentincome": 0.09,
        "otherthantemporaryimpairmentlossesinvestmentsportionrecognizedinearningsnet": 1000000,
        "gainlossonsaleofsecuritiesnet": 52900000,
        "periodoverprioryearperiodpercentincreasedecreasenetrealizedgainslossesonsecurities": 2.04,
        "realizedinvestmentgainslosses": 51900000,
        "periodoverprioryearperiodpercentincreasedecreasenetrealizedgainslossesandimpairmentlossesonsecurities": 1.98,
        "feesandotherrevenues": 85200000,
        "periodoverprioryearperiodpercentincreasedecreasefeesandotherrevenue": 0.08,
        "noninsuranceservicerevenues": 28500000,
        "periodoverprioryearperiodpercentincreasedecreaseservicerevenue": 0.14,
        "gainslossesonextinguishmentofdebt": 200000,
        "revenues": 226000000,
        "periodoverprioryearperiodpercentincreasedecreaserevenue": 0.14,
        "incurredclaimspropertycasualtyandliability": 4263400000,
        "periodoverprioryearperiodpercentincreasedecreaselossandlossadjustmentexpenses": 0.09,
        "deferredpolicyacquisitioncostamortizationexpense": 502900000,
        "periodoverprioryearperiodpercentincreasedecreasepolicyacquisitioncosts": 0.14,
        "otherunderwritingexpense": 845600000,
        "periodoverprioryearperiodpercentincreasedecreaseotherunderwritingexpenses": 0.12,
        "investmentincomeinvestmentexpense": 5600000,
        "periodoverprioryearperiodpercentincreasedecreaseinvestmentexpenses": 0.17,
        "noninsuranceserviceexpenses": 25900000,
        "periodoverprioryearperiodpercentincreasedecreaseserviceexpenses": 0.2,
        "interestexpensedebt": 36800000,
        "periodoverprioryearperiodpercentincreasedecreaseinterestexpense": 0.08,
        "benefitslossesandexpenses": 5680200000,
        "periodoverprioryearperiodpercentincreasedecreaseexpenses": 0.1,
        "incomelossfromcontinuingoperationsbeforeincometaxesminorityinterestandincomelossfromequitymethodinvestments": 7800000,
        "periodoverprioryearperiodpercentincreasedecreaseincomebeforeincometaxexpense": 0.66,
        "incometaxexpensebenefit": 211200000,
        "periodoverprioryearperiodpercentincreasedecreaseincometaxexpensebenefit": 0.64,
        "profitloss": 430300000,
        "periodoverprioryearperiodpercentincreasedecreasenetincomeloss": 0.66,
        "netincomelossattributabletononcontrollinginterest": 6000000,
        "netincomeloss": 424300000,
        "periodoverprioryearperiodpercentincreasedecreasenetincomelossattributabletoparent": 0.64,
        "othercomprehensiveincomelossavailableforsalesecuritiesadjustmentnetoftax": 132400000,
        "periodoverprioryearperiodpercentincreasedecreaseunrealizedgainlossonsecurities": 0.91,
        "othercomprehensiveincomelossderivativesqualifyingashedgesnetoftax": 2300000,
        "othercomprehensiveincomelossforeigncurrencytransactionandtranslationadjustmentnetoftax": 300000,
        "periodoverprioryearperiodpercentincreasedecreaseforeigncurrencytranslationgainloss": -0.4,
        "comprehensiveincomenetoftaxincludingportionattributabletononcontrollinginterest": 135000000,
        "periodoverprioryearperiodpercentincreasedecreaseothercomprehensiveincomeloss": 0.94,
        "othercomprehensiveincomelossnetoftaxportionattributabletononcontrollinginterest": 900000,
        "periodoverprioryearperiodchangeincomprehensiveincomelossattributabletoncinetoftax": -0.57,
        "comprehensiveincomenetoftax": 558400000,
        "periodoverprioryearperiodpercentincreasedecreasecomprehensiveincomelossattributabletoparent": 0.71,
        "weightedaveragenumberofsharesoutstandingbasic": 580300000,
        "weightedaveragenumberdilutedsharesoutstandingadjustment": 3000000,
        "periodoverprioryearperiodpercentincreasedecreaseneteffectofdilutivestockbasedcompensation": 0.3,
        "weightedaveragenumberofdilutedsharesoutstanding": 583300000,
        "earningspersharebasic": 0.73,
        "periodoverprioryearperiodpercentincreasedecreasenetincomelosspersharebasic": 0.65,
        "earningspersharediluted": 0.73,
        "periodoverprioryearperiodpercentincreasedecreasenetincomelosspersharediluted": 0.65
    },
    {
        "date": "2016-09-29",
        "symbol": "PGR",
        "period": "Q3",
        "premiumsearnednetpropertyandcasualty": 5723400000,
        "periodoverprioryearperiodpercentincreasedecreasenetpremiumsearned": 0,
        "interestanddividendincomeoperating": 5300000,
        "periodoverprioryearperiodpercentincreasedecreaseinvestmentincome": -0.020000000000000004,
        "periodoverprioryearperiodpercentincreasedecreasenetimpairmentlossesrecognizedinearnings": 2.6399999999999997,
        "gainlossonsaleofsecuritiesnet": 25700000,
        "periodoverprioryearperiodpercentincreasedecreasenetrealizedgainslossesonsecurities": 0.36,
        "realizedinvestmentgainslosses": -20700000,
        "periodoverprioryearperiodpercentincreasedecreasenetrealizedgainslossesandimpairmentlossesonsecurities": -0.1499999999999999,
        "feesandotherrevenues": 86800000,
        "periodoverprioryearperiodpercentincreasedecreasefeesandotherrevenue": 0,
        "noninsuranceservicerevenues": 26200000,
        "periodoverprioryearperiodpercentincreasedecreaseservicerevenue": -0.04999999999999999,
        "revenues": 2391200000,
        "periodoverprioryearperiodpercentincreasedecreaserevenue": 0,
        "incurredclaimspropertycasualtyandliability": 4398200000,
        "periodoverprioryearperiodpercentincreasedecreaselossandlossadjustmentexpenses": 0.009999999999999981,
        "deferredpolicyacquisitioncostamortizationexpense": 475400000,
        "periodoverprioryearperiodpercentincreasedecreasepolicyacquisitioncosts": 0,
        "otherunderwritingexpense": 739600000,
        "investmentincomeinvestmentexpense": 4800000,
        "periodoverprioryearperiodpercentincreasedecreaseinvestmentexpenses": 0.020000000000000004,
        "noninsuranceserviceexpenses": 23200000,
        "periodoverprioryearperiodpercentincreasedecreaseserviceexpenses": -0.030000000000000027,
        "interestexpensedebt": 300000,
        "periodoverprioryearperiodpercentincreasedecreaseinterestexpense": 0,
        "benefitslossesandexpenses": 5676500000,
        "incomelossfromcontinuingoperationsbeforeincometaxesminorityinterestandincomelossfromequitymethodinvestments": 84400000,
        "periodoverprioryearperiodpercentincreasedecreaseincomebeforeincometaxexpense": -0.030000000000000027,
        "incometaxexpensebenefit": 53000000,
        "periodoverprioryearperiodpercentincreasedecreaseincometaxexpensebenefit": -0.12,
        "profitloss": 205500000,
        "periodoverprioryearperiodpercentincreasedecreasenetincomeloss": 0.010000000000000009,
        "netincomelossattributabletononcontrollinginterest": 6800000,
        "netincomeloss": 198700000,
        "periodoverprioryearperiodpercentincreasedecreasenetincomelossattributabletoparent": 0.010000000000000009,
        "othercomprehensiveincomelossavailableforsalesecuritiesadjustmentnetoftax": 87100000,
        "periodoverprioryearperiodpercentincreasedecreaseunrealizedgainlossonsecurities": 0.3900000000000001,
        "othercomprehensiveincomelossderivativesqualifyingashedgesnetoftax": -300000,
        "periodoverprioryearperiodpercentincreasedecreaseunrealizedgainlossonforecastedtransactions": 0.030000000000000027,
        "othercomprehensiveincomelossforeigncurrencytransactionandtranslationadjustmentnetoftax": 300000,
        "periodoverprioryearperiodpercentincreasedecreaseforeigncurrencytranslationgainloss": 0.21999999999999997,
        "comprehensiveincomenetoftaxincludingportionattributabletononcontrollinginterest": 87100000,
        "periodoverprioryearperiodpercentincreasedecreaseothercomprehensiveincomeloss": 0.33000000000000007,
        "othercomprehensiveincomelossnetoftaxportionattributabletononcontrollinginterest": -1200000,
        "comprehensiveincomenetoftax": 287000000,
        "periodoverprioryearperiodpercentincreasedecreasecomprehensiveincomelossattributabletoparent": 0.18,
        "weightedaveragenumberofsharesoutstandingbasic": -400000,
        "weightedaveragenumberdilutedsharesoutstandingadjustment": 700000,
        "weightedaveragenumberofdilutedsharesoutstanding": 300000,
        "earningspersharebasic": 0.34,
        "periodoverprioryearperiodpercentincreasedecreasenetincomelosspersharebasic": 0.010000000000000009,
        "earningspersharediluted": 0.34,
        "periodoverprioryearperiodpercentincreasedecreasenetincomelosspersharediluted": 0.010000000000000009
    },
    {
        "date": "2016-06-29",
        "symbol": "PGR",
        "period": "Q2",
        "premiumsearnednetpropertyandcasualty": 5561800000,
        "periodoverprioryearperiodpercentincreasedecreasenetpremiumsearned": -0.010000000000000009,
        "interestanddividendincomeoperating": -112700000,
        "periodoverprioryearperiodpercentincreasedecreaseinvestmentincome": -0.06,
        "periodoverprioryearperiodpercentincreasedecreasenetimpairmentlossesrecognizedinearnings": 0.020000000000000018,
        "gainlossonsaleofsecuritiesnet": 31400000,
        "periodoverprioryearperiodpercentincreasedecreasenetrealizedgainslossesonsecurities": -0.010000000000000009,
        "realizedinvestmentgainslosses": 32300000,
        "periodoverprioryearperiodpercentincreasedecreasenetrealizedgainslossesandimpairmentlossesonsecurities": -0.07000000000000006,
        "feesandotherrevenues": 82500000,
        "periodoverprioryearperiodpercentincreasedecreasefeesandotherrevenue": 0.01999999999999999,
        "noninsuranceservicerevenues": 26500000,
        "periodoverprioryearperiodpercentincreasedecreaseservicerevenue": -0.18,
        "revenues": 4419300000,
        "periodoverprioryearperiodpercentincreasedecreaserevenue": -0.020000000000000018,
        "incurredclaimspropertycasualtyandliability": 4243000000,
        "periodoverprioryearperiodpercentincreasedecreaselossandlossadjustmentexpenses": 0.010000000000000009,
        "deferredpolicyacquisitioncostamortizationexpense": 458900000,
        "periodoverprioryearperiodpercentincreasedecreasepolicyacquisitioncosts": -0.03,
        "otherunderwritingexpense": 766800000,
        "periodoverprioryearperiodpercentincreasedecreaseotherunderwritingexpenses": 0,
        "investmentincomeinvestmentexpense": 5300000,
        "periodoverprioryearperiodpercentincreasedecreaseinvestmentexpenses": 0.009999999999999995,
        "noninsuranceserviceexpenses": 23700000,
        "periodoverprioryearperiodpercentincreasedecreaseserviceexpenses": -0.12,
        "interestexpensedebt": -33600000,
        "periodoverprioryearperiodpercentincreasedecreaseinterestexpense": -0.030000000000000002,
        "benefitslossesandexpenses": 5532000000,
        "periodoverprioryearperiodpercentincreasedecreaseexpenses": 0,
        "incomelossfromcontinuingoperationsbeforeincometaxesminorityinterestandincomelossfromequitymethodinvestments": 21700000,
        "periodoverprioryearperiodpercentincreasedecreaseincomebeforeincometaxexpense": -0.16999999999999998,
        "incometaxexpensebenefit": 92400000,
        "periodoverprioryearperiodpercentincreasedecreaseincometaxexpensebenefit": -0.14,
        "profitloss": 194900000,
        "periodoverprioryearperiodpercentincreasedecreasenetincomeloss": -0.2,
        "netincomelossattributabletononcontrollinginterest": 4000000,
        "netincomeloss": 190900000,
        "periodoverprioryearperiodpercentincreasedecreasenetincomelossattributabletoparent": -0.19,
        "othercomprehensiveincomelossavailableforsalesecuritiesadjustmentnetoftax": 91600000,
        "periodoverprioryearperiodpercentincreasedecreaseunrealizedgainlossonsecurities": -3.37,
        "othercomprehensiveincomelossderivativesqualifyingashedgesnetoftax": -300000,
        "periodoverprioryearperiodpercentincreasedecreaseunrealizedgainlossonforecastedtransactions": 0.039999999999999925,
        "othercomprehensiveincomelossforeigncurrencytransactionandtranslationadjustmentnetoftax": -100000,
        "periodoverprioryearperiodpercentincreasedecreaseforeigncurrencytranslationgainloss": 0.19999999999999996,
        "comprehensiveincomenetoftaxincludingportionattributabletononcontrollinginterest": 91200000,
        "periodoverprioryearperiodpercentincreasedecreaseothercomprehensiveincomeloss": -3.96,
        "othercomprehensiveincomelossnetoftaxportionattributabletononcontrollinginterest": 1400000,
        "comprehensiveincomenetoftax": 280700000,
        "periodoverprioryearperiodpercentincreasedecreasecomprehensiveincomelossattributabletoparent": 0.12000000000000001,
        "weightedaveragenumberofsharesoutstandingbasic": -400000,
        "periodoverprioryearperiodpercentincreasedecreaseweightedaveragesharesoutstandingbasic": 0,
        "weightedaveragenumberdilutedsharesoutstandingadjustment": 200000,
        "periodoverprioryearperiodpercentincreasedecreaseneteffectofdilutivestockbasedcompensation": 0,
        "weightedaveragenumberofdilutedsharesoutstanding": -200000,
        "periodoverprioryearperiodpercentincreasedecreaseweightedaveragesharesoutstandingdiluted": 0,
        "earningspersharebasic": 0.33,
        "periodoverprioryearperiodpercentincreasedecreasenetincomelosspersharebasic": -0.19,
        "earningspersharediluted": 0.33,
        "periodoverprioryearperiodpercentincreasedecreasenetincomelosspersharediluted": -0.19
    },
    {
        "date": "2016-03-30",
        "symbol": "PGR",
        "period": "Q1",
        "premiumsearnednetpropertyandcasualty": 5317400000,
        "periodoverprioryearperiodpercentincreasedecreasenetpremiumsearned": 0.14,
        "interestanddividendincomeoperating": 118800000,
        "periodoverprioryearperiodpercentincreasedecreaseinvestmentincome": 0.13,
        "periodoverprioryearperiodpercentincreasedecreasenetimpairmentlossesrecognizedinearnings": -1,
        "gainlossonsaleofsecuritiesnet": 17400000,
        "periodoverprioryearperiodpercentincreasedecreasenetrealizedgainslossesonsecurities": -0.57,
        "realizedinvestmentgainslosses": 17400000,
        "periodoverprioryearperiodpercentincreasedecreasenetrealizedgainslossesandimpairmentlossesonsecurities": -0.47,
        "feesandotherrevenues": 78900000,
        "periodoverprioryearperiodpercentincreasedecreasefeesandotherrevenue": 0.07,
        "noninsuranceservicerevenues": 25000000,
        "periodoverprioryearperiodpercentincreasedecreaseservicerevenue": 0.45,
        "revenues": 136200000,
        "periodoverprioryearperiodpercentincreasedecreaserevenue": 0.14,
        "incurredclaimspropertycasualtyandliability": 3913400000,
        "periodoverprioryearperiodpercentincreasedecreaselossandlossadjustmentexpenses": 0.16,
        "deferredpolicyacquisitioncostamortizationexpense": 440300000,
        "periodoverprioryearperiodpercentincreasedecreasepolicyacquisitioncosts": 0.16,
        "otherunderwritingexpense": 755800000,
        "periodoverprioryearperiodpercentincreasedecreaseotherunderwritingexpenses": 0.16,
        "investmentincomeinvestmentexpense": 4800000,
        "periodoverprioryearperiodpercentincreasedecreaseinvestmentexpenses": -0.09,
        "noninsuranceserviceexpenses": 21600000,
        "periodoverprioryearperiodpercentincreasedecreaseserviceexpenses": 0.36,
        "interestexpensedebt": 34200000,
        "periodoverprioryearperiodpercentincreasedecreaseinterestexpense": 0.05,
        "benefitslossesandexpenses": 5170100000,
        "periodoverprioryearperiodpercentincreasedecreaseexpenses": 0.16,
        "incomelossfromcontinuingoperationsbeforeincometaxesminorityinterestandincomelossfromequitymethodinvestments": 131400000,
        "periodoverprioryearperiodpercentincreasedecreaseincomebeforeincometaxexpense": -0.13,
        "incometaxexpensebenefit": 128700000,
        "periodoverprioryearperiodpercentincreasedecreaseincometaxexpensebenefit": -0.13,
        "profitloss": 258700000,
        "periodoverprioryearperiodpercentincreasedecreasenetincomeloss": -0.12,
        "netincomelossattributabletononcontrollinginterest": 500000,
        "netincomeloss": 258200000,
        "periodoverprioryearperiodpercentincreasedecreasenetincomelossattributabletoparent": -0.13,
        "othercomprehensiveincomelossavailableforsalesecuritiesadjustmentnetoftax": 69500000,
        "periodoverprioryearperiodpercentincreasedecreaseunrealizedgainlossonsecurities": 0.96,
        "othercomprehensiveincomelossderivativesqualifyingashedgesnetoftax": -300000,
        "periodoverprioryearperiodpercentincreasedecreaseunrealizedgainlossonforecastedtransactions": -0.97,
        "othercomprehensiveincomelossforeigncurrencytransactionandtranslationadjustmentnetoftax": 500000,
        "periodoverprioryearperiodpercentincreasedecreaseforeigncurrencytranslationgainloss": -2,
        "comprehensiveincomenetoftaxincludingportionattributabletononcontrollinginterest": 69700000,
        "periodoverprioryearperiodpercentincreasedecreaseothercomprehensiveincomeloss": 1.66,
        "othercomprehensiveincomelossnetoftaxportionattributabletononcontrollinginterest": 2100000,
        "comprehensiveincomenetoftax": 325800000,
        "periodoverprioryearperiodpercentincreasedecreasecomprehensiveincomelossattributabletoparent": 0.01,
        "weightedaveragenumberofsharesoutstandingbasic": 583200000,
        "periodoverprioryearperiodpercentincreasedecreaseweightedaveragesharesoutstandingbasic": -0.01,
        "weightedaveragenumberdilutedsharesoutstandingadjustment": 2300000,
        "periodoverprioryearperiodpercentincreasedecreaseneteffectofdilutivestockbasedcompensation": -0.32,
        "weightedaveragenumberofdilutedsharesoutstanding": 585500000,
        "periodoverprioryearperiodpercentincreasedecreaseweightedaveragesharesoutstandingdiluted": -0.01,
        "earningspersharebasic": 0.44,
        "periodoverprioryearperiodpercentincreasedecreasenetincomelosspersharebasic": -0.12,
        "earningspersharediluted": 0.44,
        "periodoverprioryearperiodpercentincreasedecreasenetincomelosspersharediluted": -0.12
    },
    {
        "date": "2015-09-29",
        "symbol": "PGR",
        "period": "Q3",
        "premiumsearnednetpropertyandcasualty": 5070600000,
        "periodoverprioryearperiodpercentchangeinnetpremiumsearned": 0.12,
        "interestanddividendincomeoperating": 700000,
        "periodoverprioryearperiodpercentchangeininvestmentincome": 0.16,
        "otherthantemporaryimpairmentlossesinvestmentsportionrecognizedinearningsnetavailableforsalesecurities": 8800000,
        "gainlossonsaleofsecuritiesnet": 14800000,
        "periodoverprioryearperiodpercentchangeinnetrealizedgainslossesonsecurities": -1.06,
        "realizedinvestmentgainslosses": -15800000,
        "periodoverprioryearperiodpercentchangeintotalnetrealizedgainslossesonsecurities": -1.41,
        "feesandotherrevenues": 79300000,
        "periodoverprioryearperiodpercentchangeinfeesandotherrevenues": 0.04,
        "noninsuranceservicerevenues": 23100000,
        "periodoverprioryearperiodpercentchangeinservicerevenues": 0.54,
        "gainslossesonextinguishmentofdebt": -900000,
        "periodoverprioryearperiodpercentchangeingainslossesonextinguishmentofdebt": -0.81,
        "revenues": 101700000,
        "periodoverprioryearperiodpercentchangeintotalrevenues": 0.11,
        "incurredclaimspropertycasualtyandliability": 3654300000,
        "periodoverprioryearperiodpercentchangeinlossesandlossadjustmentexpenses": 0.11,
        "deferredpolicyacquisitioncostamortizationexpense": 423200000,
        "periodoverprioryearperiodpercentchangeinpolicyacquisitioncosts": 0.13,
        "otherunderwritingexpense": 707500000,
        "periodoverprioryearperiodpercentchangeinotherunderwritingexpenses": 0.16,
        "investmentincomeinvestmentexpense": 4900000,
        "periodoverprioryearperiodpercentchangeininvestmentexpenses": 0.26,
        "noninsuranceserviceexpenses": 20400000,
        "periodoverprioryearperiodpercentchangeinserviceexpenses": 0.51,
        "interestexpensedebt": 300000,
        "periodoverprioryearperiodpercentchangeininterestexpense": 0.12,
        "benefitslossesandexpenses": 4844800000,
        "periodoverprioryearperiodpercentchangeintotalexpenses": 0.12,
        "incomelossfromcontinuingoperationsbeforeincometaxesminorityinterestandincomelossfromequitymethodinvestments": 96800000,
        "periodoverprioryearperiodpercentchangeinincomebeforeincometaxes": -0.03,
        "incometaxexpensebenefit": 142500000,
        "periodoverprioryearperiodpercentchangeinprovisionforincometaxes": -0.02,
        "periodoverprioryearperiodpercentchangeinnetincome": -0.03,
        "netincomelossattributabletononcontrollinginterest": 8200000,
        "profitloss": 26800000,
        "netincomeloss": 278300000,
        "periodoverprioryearperiodpercentchangenetincomeattributabletoparent": -0.06,
        "othercomprehensiveincomelossavailableforsalesecuritiesadjustmentnetoftax": -130100000,
        "periodoverprioryearperiodpercentchangeintotalnetunrealizedgainslossesonsecurities": 1,
        "othercomprehensiveincomelossderivativesqualifyingashedgesnetoftax": -400000,
        "periodoverprioryearperiodpercentchangeinnetunrealizedgainsonforecastedtransactions": -0.43,
        "othercomprehensiveincomelossforeigncurrencytransactionandtranslationadjustmentnetoftax": -700000,
        "periodoverprioryearperiodpercentchangeinforeigncurrencytranslationadjustment": 0.75,
        "comprehensiveincomenetoftaxincludingportionattributabletononcontrollinginterest": -131200000,
        "periodoverprioryearperiodpercentchangeinothercomprehensiveincomeloss": 0.98,
        "othercomprehensiveincomelossnetoftaxportionattributabletononcontrollinginterest": -1600000,
        "comprehensiveincomenetoftax": 145500000,
        "periodoverprioryearperiodpercentchangeincomprehensiveincome": -0.37,
        "weightedaveragenumberofsharesoutstandingbasic": 585200000,
        "periodoverprioryearperiodpercentchangeinaveragesharesoutstandingbasic": -0.01,
        "weightedaveragenumberdilutedsharesoutstandingadjustment": 3900000,
        "weightedaveragenumberofdilutedsharesoutstanding": 589100000,
        "periodoverprioryearperiodpercentchangeintotalequivalentsharesdiluted": -0.01,
        "earningspersharebasic": 0.48,
        "periodoverprioryearperiodpercentchangeinbasicnetincomepershare": -0.05,
        "earningspersharediluted": 0.47,
        "periodoverprioryearperiodpercentchangeindilutednetincomepershare": -0.05
    },
    {
        "date": "2015-06-29",
        "symbol": "PGR",
        "period": "Q2",
        "premiumsearnednetpropertyandcasualty": 4995800000,
        "periodoverprioryearperiodpercentchangeinnetpremiumsearned": 0.11,
        "interestanddividendincomeoperating": 400000,
        "periodoverprioryearperiodpercentchangeininvestmentincome": 0.14,
        "otherthantemporaryimpairmentlossesinvestmentsportionrecognizedinearningsnetavailableforsalesecurities": 1100000,
        "gainlossonsaleofsecuritiesnet": 42200000,
        "periodoverprioryearperiodpercentchangeinnetrealizedgainslossesonsecurities": 0.92,
        "realizedinvestmentgainslosses": 76000000,
        "periodoverprioryearperiodpercentchangeintotalnetrealizedgainslossesonsecurities": 0.88,
        "feesandotherrevenues": 74900000,
        "periodoverprioryearperiodpercentchangeinfeesandotherrevenues": 0.01,
        "noninsuranceservicerevenues": 23300000,
        "periodoverprioryearperiodpercentchangeinservicerevenues": 0.66,
        "revenues": 189300000,
        "periodoverprioryearperiodpercentchangeintotalrevenues": 0.11,
        "incurredclaimspropertycasualtyandliability": 3617200000,
        "periodoverprioryearperiodpercentchangeinlossesandlossadjustmentexpenses": 0.11,
        "deferredpolicyacquisitioncostamortizationexpense": 417300000,
        "periodoverprioryearperiodpercentchangeinpolicyacquisitioncosts": 0.11,
        "otherunderwritingexpense": 662400000,
        "periodoverprioryearperiodpercentchangeinotherunderwritingexpenses": 0.08,
        "investmentincomeinvestmentexpense": 5700000,
        "periodoverprioryearperiodpercentchangeininvestmentexpenses": -0.05,
        "noninsuranceserviceexpenses": 20500000,
        "periodoverprioryearperiodpercentchangeinserviceexpenses": 0.59,
        "interestexpensedebt": 300000,
        "periodoverprioryearperiodpercentchangeininterestexpense": 0.18,
        "benefitslossesandexpenses": 4758000000,
        "periodoverprioryearperiodpercentchangeintotalexpenses": 0.11,
        "incomelossfromcontinuingoperationsbeforeincometaxesminorityinterestandincomelossfromequitymethodinvestments": 183600000,
        "periodoverprioryearperiodpercentchangeinincomebeforeincometaxes": 0.2,
        "incometaxexpensebenefit": 156800000,
        "periodoverprioryearperiodpercentchangeinprovisionforincometaxes": 0.09,
        "periodoverprioryearperiodpercentchangeinnetincome": 0.26,
        "profitloss": 16800000,
        "netincomelossattributabletononcontrollinginterest": 5200000,
        "netincomeloss": 363300000,
        "periodoverprioryearperiodpercentchangenetincomeattributabletoparent": 0.24,
        "othercomprehensiveincomelossavailableforsalesecuritiesadjustmentnetoftax": -149800000,
        "periodoverprioryearperiodpercentchangeintotalnetunrealizedgainslossesonsecurities": -2.69,
        "othercomprehensiveincomelossderivativesqualifyingashedgesnetoftax": -300000,
        "periodoverprioryearperiodpercentchangeinnetunrealizedgainsonforecastedtransactions": -0.77,
        "periodoverprioryearperiodpercentchangeinforeigncurrencytranslationadjustment": -1,
        "comprehensiveincomenetoftaxincludingportionattributabletononcontrollinginterest": -150100000,
        "periodoverprioryearperiodpercentchangeinothercomprehensiveincomeloss": -2.71,
        "othercomprehensiveincomelossnetoftaxportionattributabletononcontrollinginterest": 2800000,
        "comprehensiveincomenetoftax": 216000000,
        "periodoverprioryearperiodpercentchangeincomprehensiveincome": -0.43,
        "weightedaveragenumberofsharesoutstandingbasic": 585700000,
        "periodoverprioryearperiodpercentchangeinaveragesharesoutstandingbasic": -0.01,
        "weightedaveragenumberdilutedsharesoutstandingadjustment": 3800000,
        "periodoverprioryearperiodpercentchangeinneteffectofdilutivestockbasedcompensation": -0.12,
        "weightedaveragenumberofdilutedsharesoutstanding": 589500000,
        "periodoverprioryearperiodpercentchangeintotalequivalentsharesdiluted": -0.01,
        "earningspersharebasic": 0.62,
        "periodoverprioryearperiodpercentchangeinbasicnetincomepershare": 0.25,
        "earningspersharediluted": 0.62,
        "periodoverprioryearperiodpercentchangeindilutednetincomepershare": 0.25
    },
    {
        "date": "2015-03-30",
        "symbol": "PGR",
        "period": "Q1",
        "premiumsearnednetpropertyandcasualty": 4666300000,
        "periodoverprioryearperiodpercentchangeinnetpremiumsearned": 0.06,
        "interestanddividendincomeoperating": 105100000,
        "periodoverprioryearperiodpercentchangeininvestmentincome": 0.02,
        "impairmentofinvestments": 7900000,
        "otherthantemporaryimpairmentlossesinvestmentsportionrecognizedinearningsnetavailableforsalesecurities": 7900000,
        "gainlossonsaleofsecuritiesnet": 40900000,
        "periodoverprioryearperiodpercentchangeinnetrealizedgainslossesonsecurities": -0.66,
        "realizedinvestmentgainslosses": 33000000,
        "periodoverprioryearperiodpercentchangeintotalnetrealizedgainslossesonsecurities": -0.72,
        "feesandotherrevenues": 73700000,
        "periodoverprioryearperiodpercentchangeinfeesandotherrevenues": 0.01,
        "noninsuranceservicerevenues": 17200000,
        "periodoverprioryearperiodpercentchangeinservicerevenues": 0.76,
        "revenues": 138100000,
        "periodoverprioryearperiodpercentchangeintotalrevenues": 0.04,
        "incurredclaimspropertycasualtyandliability": 3368600000,
        "periodoverprioryearperiodpercentchangeinlossesandlossadjustmentexpenses": 0.05,
        "deferredpolicyacquisitioncostamortizationexpense": 379400000,
        "periodoverprioryearperiodpercentchangeinpolicyacquisitioncosts": 0.03,
        "otherunderwritingexpense": 650400000,
        "periodoverprioryearperiodpercentchangeinotherunderwritingexpenses": 0.07,
        "investmentincomeinvestmentexpense": 5300000,
        "periodoverprioryearperiodpercentchangeininvestmentexpenses": 0.29,
        "noninsuranceserviceexpenses": 15900000,
        "periodoverprioryearperiodpercentchangeinserviceexpenses": 0.64,
        "interestexpensedebt": 32500000,
        "periodoverprioryearperiodpercentchangeininterestexpense": 0.22,
        "benefitslossesandexpenses": 4452100000,
        "periodoverprioryearperiodpercentchangeintotalexpenses": 0.05,
        "incomelossfromcontinuingoperationsbeforeincometaxesminorityinterestandincomelossfromequitymethodinvestments": 132800000,
        "periodoverprioryearperiodpercentchangeinincomebeforeincometaxes": -0.08,
        "incometaxexpensebenefit": 147600000,
        "periodoverprioryearperiodpercentchangeinprovisionforincometaxes": -0.08,
        "netincomeloss": 295600000,
        "periodoverprioryearperiodpercentchangeinnetincome": -0.08,
        "othernetunrealizedgainslossesonsecuritiesnetoftaxperiodincreasedecrease": 35400000,
        "othercomprehensiveincomelossavailableforsalesecuritiesadjustmentnetoftax": 35400000,
        "othercomprehensiveincomelossderivativesqualifyingashedgesnetoftax": -8700000,
        "othercomprehensiveincomelossforeigncurrencytransactionandtranslationadjustmentnetoftax": -500000,
        "othercomprehensiveincomelossnetoftax": 26200000,
        "comprehensiveincomenetoftax": 321800000,
        "weightedaveragenumberofsharesoutstandingbasic": 587600000,
        "periodoverprioryearperiodpercentchangeinaveragesharesoutstandingbasic": -0.01,
        "weightedaveragenumberdilutedsharesoutstandingadjustment": 3400000,
        "periodoverprioryearperiodpercentchangeinneteffectofdilutivestockbasedcompensation": -0.11,
        "weightedaveragenumberofdilutedsharesoutstanding": 591000000,
        "periodoverprioryearperiodpercentchangeintotalequivalentsharesdiluted": -0.01,
        "earningspersharebasic": 0.5,
        "periodoverprioryearperiodpercentchangeinbasicnetincomepershare": -0.07,
        "earningspersharediluted": 0.5,
        "periodoverprioryearperiodpercentchangeindilutednetincomepershare": -0.07
    },
    {
        "date": "2014-09-29",
        "symbol": "PGR",
        "period": "Q3",
        "premiumsearnednetpropertyandcasualty": 4540100000,
        "periodoverprioryearperiodpercentchangeinnetpremiumsearned": -0.06,
        "interestanddividendincomeoperating": 43600000,
        "periodoverprioryearperiodpercentchangeininvestmentincome": -0.02,
        "periodoverprioryearperiodpercentchangeintotalotherthantemporaryimpairmentlosses": 1.03,
        "periodoverprioryearperiodpercentchangeinnetimpairmentlossesrecognizedinearnings": 1.03,
        "gainlossonsaleofsecuritiesnet": 24600000,
        "periodoverprioryearperiodpercentchangeinnetrealizedgainslossesonsecurities": 0.030000000000000027,
        "realizedinvestmentgainslosses": 38200000,
        "periodoverprioryearperiodpercentchangeintotalnetrealizedgainslossesonsecurities": 0.040000000000000036,
        "feesandotherrevenues": 75900000,
        "periodoverprioryearperiodpercentchangeinfeesandotherrevenues": -0.07,
        "noninsuranceservicerevenues": 15000000,
        "periodoverprioryearperiodpercentchangeinservicerevenues": -0.21,
        "revenues": 7229600000,
        "periodoverprioryearperiodpercentchangeintotalrevenues": -0.039999999999999994,
        "incurredclaimspropertycasualtyandliability": 3291800000,
        "periodoverprioryearperiodpercentchangeinlossesandlossadjustmentexpenses": -0.07,
        "deferredpolicyacquisitioncostamortizationexpense": 375200000,
        "periodoverprioryearperiodpercentchangeinpolicyacquisitioncosts": -0.03,
        "otherunderwritingexpense": 609200000,
        "periodoverprioryearperiodpercentchangeinotherunderwritingexpenses": -0.05,
        "investmentincomeinvestmentexpense": 3900000,
        "periodoverprioryearperiodpercentchangeininvestmentexpenses": -0.23,
        "noninsuranceserviceexpenses": 13500000,
        "periodoverprioryearperiodpercentchangeinserviceexpenses": -0.16999999999999998,
        "interestexpensedebt": 400000,
        "periodoverprioryearperiodpercentchangeininterestexpense": 0.11,
        "benefitslossesandexpenses": 4324300000,
        "periodoverprioryearperiodpercentchangeintotalexpenses": -0.06,
        "incomelossfromcontinuingoperationsbeforeincometaxesminorityinterestandincomelossfromequitymethodinvestments": -419400000,
        "periodoverprioryearperiodpercentchangeinincomebeforeincometaxes": 0.11000000000000001,
        "incometaxexpensebenefit": 145700000,
        "periodoverprioryearperiodpercentchangeinprovisionforincometaxes": 0.12,
        "netincomeloss": 296100000,
        "periodoverprioryearperiodpercentchangeinnetincome": 0.11000000000000001,
        "periodoverprioryearperiodpercentchangeinnetnoncreditrelatedotherthantemporaryimpairmentlossesadjustedforvaluationchanges": 1,
        "othernetunrealizedgainslossesonsecuritiesnetoftaxperiodincreasedecrease": -65100000,
        "periodoverprioryearperiodpercentchangeinothernetunrealizedgainslossesonsecurities": 11.24,
        "othercomprehensiveincomelossavailableforsalesecuritiesadjustmentnetoftax": -65100000,
        "periodoverprioryearperiodpercentchangeintotalnetunrealizedgainslossesonsecurities": 10.16,
        "othercomprehensiveincomelossderivativesqualifyingashedgesnetoftax": -700000,
        "periodoverprioryearperiodpercentchangeinforeigncurrencytranslationadjustment": 1.5499999999999998,
        "othercomprehensiveincomelossnetoftax": -65100000,
        "comprehensiveincomenetoftax": 229900000,
        "periodoverprioryearperiodpercentchangeincomprehensiveincome": -0.96,
        "weightedaveragenumberofsharesoutstandingbasic": -593500000,
        "periodoverprioryearperiodpercentchangeinaveragesharesoutstandingbasic": 0.01,
        "weightedaveragenumberdilutedsharesoutstandingadjustment": -4000000,
        "weightedaveragenumberofdilutedsharesoutstanding": -597500000,
        "periodoverprioryearperiodpercentchangeintotalequivalentsharesdiluted": 0.01,
        "earningspersharebasic": 0.5,
        "periodoverprioryearperiodpercentchangeinbasicnetincomepershare": 0.10000000000000002,
        "earningspersharediluted": 0.5,
        "periodoverprioryearperiodpercentchangeindilutednetincomepershare": 0.10000000000000002
    },
    {
        "date": "2014-06-29",
        "symbol": "PGR",
        "period": "Q2",
        "premiumsearnednetpropertyandcasualty": 4513500000,
        "periodoverprioryearperiodpercentchangeinnetpremiumsearned": 0.06,
        "interestanddividendincomeoperating": 12600000,
        "periodoverprioryearperiodpercentchangeininvestmentincome": -0.03,
        "periodoverprioryearperiodpercentchangeintotalotherthantemporaryimpairmentlosses": -1,
        "periodoverprioryearperiodpercentchangeinnoncreditlossesnetofcreditlossesrecognizedonpreviouslyrecordednoncreditotherthantemporaryimpairmentlosses": -1,
        "periodoverprioryearperiodpercentchangeinnetimpairmentlossesrecognizedinearnings": -1,
        "gainlossonsaleofsecuritiesnet": 34400000,
        "periodoverprioryearperiodpercentchangeinnetrealizedgainslossesonsecurities": -0.7,
        "realizedinvestmentgainslosses": 40400000,
        "periodoverprioryearperiodpercentchangeintotalnetrealizedgainslossesonsecurities": -0.7,
        "feesandotherrevenues": 74400000,
        "periodoverprioryearperiodpercentchangeinfeesandotherrevenues": 0.05,
        "noninsuranceservicerevenues": 14000000,
        "periodoverprioryearperiodpercentchangeinservicerevenues": 0.32,
        "revenues": 1824000000,
        "periodoverprioryearperiodpercentchangeintotalrevenues": 0.03,
        "incurredclaimspropertycasualtyandliability": 3269100000,
        "periodoverprioryearperiodpercentchangeinlossesandlossadjustmentexpenses": 0.05,
        "deferredpolicyacquisitioncostamortizationexpense": 374800000,
        "periodoverprioryearperiodpercentchangeinpolicyacquisitioncosts": 0.03,
        "otherunderwritingexpense": 611700000,
        "periodoverprioryearperiodpercentchangeinotherunderwritingexpenses": 0.05,
        "investmentincomeinvestmentexpense": 6000000,
        "periodoverprioryearperiodpercentchangeininvestmentexpenses": 0.36,
        "noninsuranceserviceexpenses": 12900000,
        "periodoverprioryearperiodpercentchangeinserviceexpenses": 0.24,
        "interestexpensedebt": 300000,
        "periodoverprioryearperiodpercentchangeininterestexpense": -0.03,
        "benefitslossesandexpenses": 4304100000,
        "periodoverprioryearperiodpercentchangeintotalexpenses": 0.05,
        "incomelossfromcontinuingoperationsbeforeincometaxesminorityinterestandincomelossfromequitymethodinvestments": 332300000,
        "periodoverprioryearperiodpercentchangeinincomebeforeincometaxes": -0.1,
        "incometaxexpensebenefit": 144000000,
        "periodoverprioryearperiodpercentchangeinprovisionforincometaxes": -0.11,
        "netincomeloss": 293400000,
        "periodoverprioryearperiodpercentchangeinnetincome": -0.1,
        "periodoverprioryearperiodpercentchangeinnetnoncreditrelatedotherthantemporaryimpairmentlossesadjustedforvaluationchanges": -1,
        "othernetunrealizedgainslossesonsecuritiesnetoftaxperiodincreasedecrease": 88400000,
        "periodoverprioryearperiodpercentchangeinothernetunrealizedgainslossesonsecurities": -1.57,
        "othercomprehensiveincomelossavailableforsalesecuritiesadjustmentnetoftax": 88400000,
        "periodoverprioryearperiodpercentchangeintotalnetunrealizedgainslossesonsecurities": -1.57,
        "othercomprehensiveincomelossderivativesqualifyingashedgesnetoftax": -1300000,
        "periodoverprioryearperiodpercentchangeinnetunrealizedgainsonforecastedtransactions": 2.25,
        "othercomprehensiveincomelossforeigncurrencytransactionandtranslationadjustmentnetoftax": 500000,
        "periodoverprioryearperiodpercentchangeinforeigncurrencytranslationadjustment": -1.63,
        "othercomprehensiveincomelossnetoftax": 88400000,
        "periodoverprioryearperiodpercentchangeinothercomprehensiveincomeloss": -1.56,
        "comprehensiveincomenetoftax": 381000000,
        "periodoverprioryearperiodpercentchangeincomprehensiveincome": 1.25,
        "weightedaveragenumberofsharesoutstandingbasic": 591200000,
        "periodoverprioryearperiodpercentchangeinaveragesharesoutstandingbasic": -0.01,
        "weightedaveragenumberdilutedsharesoutstandingadjustment": 4300000,
        "periodoverprioryearperiodpercentchangeinneteffectofdilutivestockbasedcompensation": 0.05,
        "weightedaveragenumberofdilutedsharesoutstanding": 595500000,
        "periodoverprioryearperiodpercentchangeintotalequivalentsharesdiluted": -0.01,
        "earningspersharebasic": 0.5,
        "periodoverprioryearperiodpercentchangeinbasicnetincomepershare": -0.08,
        "earningspersharediluted": 0.49,
        "periodoverprioryearperiodpercentchangeindilutednetincomepershare": -0.08
    },
    {
        "date": "2014-03-30",
        "symbol": "PGR",
        "period": "Q1",
        "premiumsearnednetpropertyandcasualty": 4402300000,
        "periodoverprioryearperiodpercentchangeinnetpremiumsearned": 0.05,
        "interestanddividendincomeoperating": 4100000,
        "periodoverprioryearperiodpercentchangeininvestmentincome": 0.03,
        "periodoverprioryearperiodpercentchangeintotalotherthantemporaryimpairmentlosses": -1,
        "periodoverprioryearperiodpercentchangeinnetimpairmentlossesrecognizedinearnings": -1,
        "gainlossonsaleofsecuritiesnet": 85800000,
        "periodoverprioryearperiodpercentchangeinnetrealizedgainslossesonsecurities": 0.48,
        "realizedinvestmentgainslosses": 119400000,
        "periodoverprioryearperiodpercentchangeintotalnetrealizedgainslossesonsecurities": 0.48,
        "feesandotherrevenues": 72800000,
        "periodoverprioryearperiodpercentchangeinfeesandotherrevenues": 0.06,
        "noninsuranceservicerevenues": 9800000,
        "periodoverprioryearperiodpercentchangeinservicerevenues": 0.17,
        "revenues": 4402300000,
        "periodoverprioryearperiodpercentchangeintotalrevenues": 0.06,
        "incurredclaimspropertycasualtyandliability": 3205900000,
        "periodoverprioryearperiodpercentchangeinlossesandlossadjustmentexpenses": 0.07,
        "deferredpolicyacquisitioncostamortizationexpense": 369000000,
        "periodoverprioryearperiodpercentchangeinpolicyacquisitioncosts": 0.03,
        "otherunderwritingexpense": 610400000,
        "periodoverprioryearperiodpercentchangeinotherunderwritingexpenses": 0.04,
        "investmentincomeinvestmentexpense": 4100000,
        "periodoverprioryearperiodpercentchangeininvestmentexpenses": -0.16,
        "noninsuranceserviceexpenses": 9700000,
        "periodoverprioryearperiodpercentchangeinserviceexpenses": 0.13,
        "interestexpensedebt": 300000,
        "periodoverprioryearperiodpercentchangeininterestexpense": -0.13,
        "benefitslossesandexpenses": 4225800000,
        "periodoverprioryearperiodpercentchangeintotalexpenses": 0.06,
        "incomelossfromcontinuingoperationsbeforeincometaxesminorityinterestandincomelossfromequitymethodinvestments": 100000,
        "periodoverprioryearperiodpercentchangeinincomebeforeincometaxes": 0.04,
        "incometaxexpensebenefit": 160500000,
        "periodoverprioryearperiodpercentchangeinprovisionforincometaxes": 0.04,
        "netincomeloss": 321300000,
        "periodoverprioryearperiodpercentchangeinnetincome": 0.04,
        "periodoverprioryearperiodpercentchangeinnetnoncreditrelatedotherthantemporaryimpairmentlossesadjustedforvaluationchanges": -1,
        "othernetunrealizedgainslossesonsecuritiesnetoftaxperiodincreasedecrease": -100000,
        "periodoverprioryearperiodpercentchangeinothernetunrealizedgainslossesonsecurities": -1,
        "othercomprehensiveincomelossavailableforsalesecuritiesadjustmentnetoftax": -100000,
        "periodoverprioryearperiodpercentchangeintotalnetunrealizedgainslossesonsecurities": -1,
        "othercomprehensiveincomelossderivativesqualifyingashedgesnetoftax": -300000,
        "periodoverprioryearperiodpercentchangeinforeigncurrencytranslationadjustment": -1,
        "othercomprehensiveincomelossnetoftax": -100000,
        "periodoverprioryearperiodpercentchangeinothercomprehensiveincomeloss": -1,
        "comprehensiveincomenetoftax": 320900000,
        "periodoverprioryearperiodpercentchangeincomprehensiveincome": -0.21,
        "weightedaveragenumberofsharesoutstandingbasic": 593900000,
        "periodoverprioryearperiodpercentchangeinaveragesharesoutstandingbasic": -0.01,
        "weightedaveragenumberdilutedsharesoutstandingadjustment": 3800000,
        "weightedaveragenumberofdilutedsharesoutstanding": 597700000,
        "periodoverprioryearperiodpercentchangeintotalequivalentsharesdiluted": -0.01,
        "earningspersharebasic": 0.54,
        "periodoverprioryearperiodpercentchangeinbasicnetincomepershare": 0.05,
        "earningspersharediluted": 0.54,
        "periodoverprioryearperiodpercentchangeindilutednetincomepershare": 0.05
    },
    {
        "date": "2013-09-29",
        "symbol": "PGR",
        "period": "Q3",
        "premiumsearnednetpropertyandcasualty": 4303000000,
        "interestanddividendincomeoperating": 107400000,
        "impairmentofinvestments": 1900000,
        "otherthantemporaryimpairmentlossesinvestmentsportionrecognizedinearningsnetavailableforsalesecurities": 2100000,
        "gainlossonsaleofsecuritiesnet": 52100000,
        "realizedinvestmentgainslosses": 27900000,
        "feesandotherrevenues": 76000000,
        "noninsuranceservicerevenues": 11300000,
        "revenues": 675000000,
        "incurredclaimspropertycasualtyandliability": 3164200000,
        "deferredpolicyacquisitioncostamortizationexpense": 363100000,
        "otherunderwritingexpense": 602300000,
        "investmentincomeinvestmentexpense": 5200000,
        "noninsuranceserviceexpenses": 11100000,
        "interestexpensedebt": 300000,
        "benefitslossesandexpenses": 4176300000,
        "incomelossfromcontinuingoperationsbeforeincometaxesminorityinterestandincomelossfromequitymethodinvestments": 503300000,
        "incometaxexpensebenefit": 112600000,
        "netincomeloss": 232400000,
        "netnoncreditrelatedotherthantemporaryimpairmentslossesadjustedforvaluationchangesnetoftaxperiodincreasedecrease": 0,
        "othernetunrealizedgainslossesonsecuritiesnetoftaxperiodincreasedecrease": 57800000,
        "othercomprehensiveincomelossavailableforsalesecuritiesadjustmentnetoftax": 57800000,
        "othercomprehensiveincomelossderivativesqualifyingashedgesnetoftax": -900000,
        "othercomprehensiveincomelossforeigncurrencytransactionandtranslationadjustmentnetoftax": -200000,
        "othercomprehensiveincomelossnetoftax": 157200000,
        "comprehensiveincomenetoftax": 289100000,
        "weightedaveragenumberofsharesoutstandingbasic": -600400000,
        "weightedaveragenumberdilutedsharesoutstandingadjustment": -3700000,
        "weightedaveragenumberofdilutedsharesoutstanding": -604100000,
        "earningspersharebasic": 0.3899999999999999,
        "earningspersharediluted": 0.3799999999999999
    },
    {
        "date": "2013-06-29",
        "symbol": "PGR",
        "period": "Q2",
        "premiumsearnednetpropertyandcasualty": 4277000000,
        "interestanddividendincomeoperating": 102200000,
        "impairmentofinvestments": 1500000,
        "otherthantemporaryimpairmentlossesinvestmentsportioninothercomprehensiveincomelossbeforetaxincludingportionattributabletononcontrollinginterestavailableforsalesecurities": 100000,
        "otherthantemporaryimpairmentlossesinvestmentsportionrecognizedinearningsnetavailableforsalesecurities": 1500000,
        "gainlossonsaleofsecuritiesnet": 92000000,
        "realizedinvestmentgainslosses": 132900000,
        "feesandotherrevenues": 70900000,
        "noninsuranceservicerevenues": 10600000,
        "revenues": 4277000000,
        "incurredclaimspropertycasualtyandliability": 3117000000,
        "deferredpolicyacquisitioncostamortizationexpense": 364000000,
        "otherunderwritingexpense": 581100000,
        "investmentincomeinvestmentexpense": 4400000,
        "noninsuranceserviceexpenses": 10400000,
        "interestexpensedebt": 500000,
        "benefitslossesandexpenses": 4107300000,
        "incomelossfromcontinuingoperationsbeforeincometaxesminorityinterestandincomelossfromequitymethodinvestments": 285800000,
        "incometaxexpensebenefit": 161700000,
        "netincomeloss": 324600000,
        "netnoncreditrelatedotherthantemporaryimpairmentslossesadjustedforvaluationchangesnetoftaxperiodincreasedecrease": 100000,
        "othernetunrealizedgainslossesonsecuritiesnetoftaxperiodincreasedecrease": -154400000,
        "othercomprehensiveincomelossavailableforsalesecuritiesadjustmentnetoftax": -154300000,
        "othercomprehensiveincomelossderivativesqualifyingashedgesnetoftax": -400000,
        "othercomprehensiveincomelossforeigncurrencytransactionandtranslationadjustmentnetoftax": -800000,
        "othercomprehensiveincomelossnetoftax": -154300000,
        "comprehensiveincomenetoftax": 169100000,
        "weightedaveragenumberofsharesoutstandingbasic": 599500000,
        "weightedaveragenumberdilutedsharesoutstandingadjustment": 4100000,
        "weightedaveragenumberofdilutedsharesoutstanding": 603600000,
        "earningspersharebasic": 0.54,
        "earningspersharediluted": 0.54
    },
    {
        "date": "2013-03-30",
        "symbol": "PGR",
        "period": "Q1",
        "premiumsearnednetpropertyandcasualty": 4179300000,
        "interestanddividendincomeoperating": 100500000,
        "impairmentofinvestments": 200000,
        "otherthantemporaryimpairmentlossesinvestmentsportionrecognizedinearningsnetavailableforsalesecurities": -100000,
        "gainlossonsaleofsecuritiesnet": 49100000,
        "realizedinvestmentgainslosses": 80600000,
        "feesandotherrevenues": 68400000,
        "noninsuranceservicerevenues": 8400000,
        "revenues": 68400000,
        "incurredclaimspropertycasualtyandliability": 2985500000,
        "deferredpolicyacquisitioncostamortizationexpense": 358900000,
        "otherunderwritingexpense": 585600000,
        "investmentincomeinvestmentexpense": 4900000,
        "noninsuranceserviceexpenses": 8600000,
        "interestexpensedebt": 300000,
        "benefitslossesandexpenses": 3974100000,
        "incomelossfromcontinuingoperationsbeforeincometaxesminorityinterestandincomelossfromequitymethodinvestments": -200000,
        "incometaxexpensebenefit": 154500000,
        "netincomeloss": 308600000,
        "netnoncreditrelatedotherthantemporaryimpairmentslossesadjustedforvaluationchangesnetoftaxperiodincreasedecrease": 200000,
        "othernetunrealizedgainslossesonsecuritiesnetoftaxperiodincreasedecrease": 99000000,
        "othercomprehensiveincomelossavailableforsalesecuritiesadjustmentnetoftax": 99200000,
        "othercomprehensiveincomelossderivativesqualifyingashedgesnetoftax": -300000,
        "othercomprehensiveincomelossforeigncurrencytransactionandtranslationadjustmentnetoftax": -200000,
        "othercomprehensiveincomelossnetoftax": -200000,
        "comprehensiveincomenetoftax": 407300000,
        "weightedaveragenumberofsharesoutstandingbasic": 600600000,
        "weightedaveragenumberdilutedsharesoutstandingadjustment": 3800000,
        "weightedaveragenumberofdilutedsharesoutstanding": 604400000,
        "earningspersharebasic": 0.51,
        "earningspersharediluted": 0.51
    },
    {
        "date": "2012-09-29",
        "symbol": "PGR",
        "period": "Q3",
        "premiumsearnednetpropertyandcasualty": 4054800000,
        "interestanddividendincomeoperating": 109000000,
        "impairmentofinvestments": 400000,
        "otherthantemporaryimpairmentlossesinvestmentsportioninothercomprehensiveincomelossbeforetaxincludingportionattributabletononcontrollinginterestavailableforsalesecurities": 0,
        "otherthantemporaryimpairmentlossesinvestmentsportionrecognizedinearningsnetavailableforsalesecurities": 400000,
        "gainlossonsaleofsecuritiesnet": 172300000,
        "realizedinvestmentgainslosses": 171900000,
        "noninsuranceservicerevenues": 9900000,
        "gainslossesonextinguishmentofdebtnetofexpenses": -100000,
        "revenues": -100000,
        "incurredclaimspropertycasualtyandliability": 3068200000,
        "deferredpolicyacquisitioncostamortizationexpense": 357300000,
        "otherunderwritingexpense": 464100000,
        "investmentincomeinvestmentexpense": 3300000,
        "noninsuranceserviceexpenses": 9600000,
        "interestexpensedebt": 30600000,
        "benefitslossesandexpenses": 3933100000,
        "incomelossfromcontinuingoperationsbeforeincometaxesminorityinterestandincomelossfromequitymethodinvestments": -100000,
        "incometaxexpensebenefit": 135400000,
        "netincomeloss": 277000000,
        "netnoncreditrelatedotherthantemporaryimpairmentslossesadjustedforvaluationchangesnetoftaxperiodincreasedecrease": 1700000,
        "othernetunrealizedgainslossesonsecuritiesnetoftaxperiodincreasedecrease": 60600000,
        "othercomprehensiveincomelossavailableforsalesecuritiesadjustmentnetoftax": 62300000,
        "othercomprehensiveincomelossderivativesqualifyingashedgesnetoftax": -300000,
        "othercomprehensiveincomelossforeigncurrencytransactionandtranslationadjustmentnetoftax": 400000,
        "othercomprehensiveincomelossnetoftax": 62400000,
        "comprehensiveincomenetoftax": 339400000,
        "weightedaveragenumberofsharesoutstandingbasic": -606700000,
        "weightedaveragenumberdilutedsharesoutstandingadjustment": -3700000,
        "weightedaveragenumberofdilutedsharesoutstanding": -610400000,
        "earningspersharebasic": 0.46000000000000013,
        "earningspersharediluted": 0.46000000000000013
    },
    {
        "date": "2012-06-29",
        "symbol": "PGR",
        "period": "Q2",
        "premiumsearnednetpropertyandcasualty": 3996100000,
        "interestanddividendincomeoperating": 112500000,
        "impairmentofinvestments": 5100000,
        "otherthantemporaryimpairmentlossesinvestmentsportioninothercomprehensiveincomelossbeforetaxincludingportionattributabletononcontrollinginterestavailableforsalesecurities": 300000,
        "otherthantemporaryimpairmentlossesinvestmentsportionrecognizedinearningsnetavailableforsalesecurities": 5400000,
        "gainlossonsaleofsecuritiesnet": 700000,
        "realizedinvestmentgainslosses": -4700000,
        "noninsuranceservicerevenues": 10200000,
        "gainslossesonextinguishmentofdebtnetofexpenses": -1000000,
        "revenues": -1000000,
        "incurredclaimspropertycasualtyandliability": 3043700000,
        "deferredpolicyacquisitioncostamortizationexpense": 364500000,
        "otherunderwritingexpense": 492800000,
        "investmentincomeinvestmentexpense": 3800000,
        "noninsuranceserviceexpenses": 9900000,
        "interestexpensedebt": 30700000,
        "benefitslossesandexpenses": 3945400000,
        "incomelossfromcontinuingoperationsbeforeincometaxesminorityinterestandincomelossfromequitymethodinvestments": -1000000,
        "incometaxexpensebenefit": 49100000,
        "netincomeloss": 118600000,
        "netnoncreditrelatedotherthantemporaryimpairmentslossesadjustedforvaluationchangesnetoftaxperiodincreasedecrease": 100000,
        "othernetunrealizedgainslossesonsecuritiesnetoftaxperiodincreasedecrease": -51000000,
        "othercomprehensiveincomelossavailableforsalesecuritiesadjustmentnetoftax": -50900000,
        "othercomprehensiveincomelossderivativesqualifyingashedgesnetoftax": -600000,
        "othercomprehensiveincomelossforeigncurrencytransactionandtranslationadjustmentnetoftax": -600000,
        "othercomprehensiveincomelossnetoftax": -52100000,
        "comprehensiveincomenetoftax": 66500000,
        "weightedaveragenumberofsharesoutstandingbasic": 604800000,
        "weightedaveragenumberdilutedsharesoutstandingadjustment": 4100000,
        "weightedaveragenumberofdilutedsharesoutstanding": 608900000,
        "earningspersharebasic": 0.2,
        "earningspersharediluted": 0.19
    },
    {
        "date": "2012-03-30",
        "symbol": "PGR",
        "period": "Q1",
        "premiumsearnednetpropertyandcasualty": 3861500000,
        "interestanddividendincomeoperating": 114700000,
        "impairmentofinvestments": 500000,
        "otherthantemporaryimpairmentlossesinvestmentsportioninothercomprehensiveincomelossbeforetaxincludingportionattributabletononcontrollinginterestavailableforsalesecurities": 400000,
        "otherthantemporaryimpairmentlossesinvestmentsportionrecognizedinearningsnetavailableforsalesecurities": 900000,
        "gainlossonsaleofsecuritiesnet": 78400000,
        "realizedinvestmentgainslosses": 77500000,
        "noninsuranceservicerevenues": 8200000,
        "gainslossesonextinguishmentofdebtnetofexpenses": -700000,
        "revenues": -700000,
        "incurredclaimspropertycasualtyandliability": 2762400000,
        "deferredpolicyacquisitioncostamortizationexpense": 359600000,
        "otherunderwritingexpense": 510800000,
        "investmentincomeinvestmentexpense": 4200000,
        "noninsuranceserviceexpenses": 8200000,
        "interestexpensedebt": 31900000,
        "benefitslossesandexpenses": 3677100000,
        "incomelossfromcontinuingoperationsbeforeincometaxesminorityinterestandincomelossfromequitymethodinvestments": -700000,
        "incometaxexpensebenefit": 126500000,
        "netincomeloss": 257600000,
        "netnoncreditrelatedotherthantemporaryimpairmentslossesadjustedforvaluationchangesnetoftaxperiodincreasedecrease": 3000000,
        "othernetunrealizedgainslossesonsecuritiesnetoftaxperiodincreasedecrease": 199400000,
        "othercomprehensiveincomelossavailableforsalesecuritiesadjustmentnetoftax": 202400000,
        "othercomprehensiveincomelossderivativesqualifyingashedgesnetoftax": -600000,
        "othercomprehensiveincomelossforeigncurrencytransactionandtranslationadjustmentnetoftax": 500000,
        "othercomprehensiveincomelossnetoftax": 202300000,
        "comprehensiveincomenetoftax": 459900000,
        "weightedaveragenumberofsharesoutstandingbasic": 606200000,
        "weightedaveragenumberdilutedsharesoutstandingadjustment": 3800000,
        "weightedaveragenumberofdilutedsharesoutstanding": 610000000,
        "earningspersharebasic": 0.42,
        "earningspersharediluted": 0.42
    },
    {
        "date": "2011-09-29",
        "symbol": "PGR",
        "period": "Q3",
        "premiumsearnednetpropertyandcasualty": 3740700000,
        "interestanddividendincomeoperating": 117400000,
        "impairmentofinvestments": 1400000,
        "otherthantemporaryimpairmentlossesinvestmentsportionrecognizedinearningsnetavailableforsalesecurities": 1400000,
        "gainlossonsaleofsecuritiesnet": -51200000,
        "realizedinvestmentgainslosses": -52600000,
        "noninsuranceservicerevenues": 5600000,
        "revenues": 3369500000,
        "incurredclaimspropertycasualtyandliability": 2749300000,
        "deferredpolicyacquisitioncostamortizationexpense": 350200000,
        "otherunderwritingexpense": 460500000,
        "investmentincomeinvestmentexpense": 4000000,
        "noninsuranceserviceexpenses": 5100000,
        "interestexpensedebt": 33400000,
        "benefitslossesandexpenses": 3602500000,
        "incomelossfromcontinuingoperationsbeforeincometaxesminorityinterestandincomelossfromequitymethodinvestments": 164800000,
        "incometaxexpensebenefit": 57800000,
        "netincomeloss": 150700000,
        "weightedaveragenumberofsharesoutstandingbasic": -654900000,
        "earningspersharebasic": 0.23999999999999988,
        "weightedaveragenumberdilutedsharesoutstandingadjustment": -4000000,
        "weightedaveragenumberofdilutedsharesoutstanding": -658900000,
        "earningspersharediluted": 0.2499999999999999
    },
    {
        "date": "2011-06-29",
        "symbol": "PGR",
        "period": "Q2",
        "premiumsearnednetpropertyandcasualty": 3719900000,
        "interestanddividendincomeoperating": 120800000,
        "impairmentofinvestments": 3100000,
        "otherthantemporaryimpairmentlossesinvestmentsportioninothercomprehensiveincomelossbeforetaxincludingportionattributabletononcontrollinginterestavailableforsalesecurities": -900000,
        "otherthantemporaryimpairmentlossesinvestmentsportionrecognizedinearningsnetavailableforsalesecurities": 2200000,
        "gainlossonsaleofsecuritiesnet": 28200000,
        "realizedinvestmentgainslosses": 26000000,
        "noninsuranceservicerevenues": 6000000,
        "revenues": 3356900000,
        "incurredclaimspropertycasualtyandliability": 2660900000,
        "deferredpolicyacquisitioncostamortizationexpense": 348300000,
        "otherunderwritingexpense": 466000000,
        "investmentincomeinvestmentexpense": 3500000,
        "noninsuranceserviceexpenses": 4800000,
        "interestexpensedebt": 31500000,
        "benefitslossesandexpenses": 3515000000,
        "incomelossfromcontinuingoperationsbeforeincometaxesminorityinterestandincomelossfromequitymethodinvestments": 210600000,
        "incometaxexpensebenefit": 112500000,
        "netincomeloss": 245200000,
        "weightedaveragenumberofsharesoutstandingbasic": 643600000,
        "earningspersharebasic": 0.38,
        "weightedaveragenumberdilutedsharesoutstandingadjustment": 4300000,
        "weightedaveragenumberofdilutedsharesoutstanding": 647900000,
        "earningspersharediluted": 0.38
    },
    {
        "date": "2011-03-30",
        "symbol": "PGR",
        "period": "Q1",
        "premiumsearnednetpropertyandcasualty": 3665300000,
        "interestanddividendincomeoperating": 123300000,
        "impairmentofinvestments": 1400000,
        "otherthantemporaryimpairmentlossesinvestmentsportionrecognizedinearningsnetavailableforsalesecurities": 1400000,
        "gainlossonsaleofsecuritiesnet": 101100000,
        "realizedinvestmentgainslosses": 99700000,
        "noninsuranceservicerevenues": 5200000,
        "revenues": 3307800000,
        "incurredclaimspropertycasualtyandliability": 2508100000,
        "deferredpolicyacquisitioncostamortizationexpense": 346700000,
        "otherunderwritingexpense": 454700000,
        "investmentincomeinvestmentexpense": 3100000,
        "noninsuranceserviceexpenses": 4000000,
        "interestexpensedebt": 31500000,
        "benefitslossesandexpenses": 3348100000,
        "incomelossfromcontinuingoperationsbeforeincometaxesminorityinterestandincomelossfromequitymethodinvestments": 315300000,
        "incometaxexpensebenefit": 182500000,
        "netincomeloss": 362900000,
        "weightedaveragenumberofsharesoutstandingbasic": 651800000,
        "earningspersharebasic": 0.56,
        "weightedaveragenumberdilutedsharesoutstandingadjustment": 4000000,
        "weightedaveragenumberofdilutedsharesoutstanding": 655800000,
        "earningspersharediluted": 0.55
    },
    {
        "date": "2010-09-29",
        "symbol": "PGR",
        "period": "Q3",
        "premiumsearnednetpropertyandcasualty": 3599900000,
        "interestanddividendincomeoperating": 131500000,
        "otherthantemporaryimpairmentlossesoninvestments": 1900000,
        "noncreditlossesnetofcreditlossesonpreviousotherthantemporaryimpairments": 200000,
        "netotherthantemporaryimpairments": 2100000,
        "gainlossonsaleofsecuritiesnet": 29000000,
        "realizedinvestmentgainslosses": 26900000,
        "noninsuranceservicerevenues": 4800000,
        "gainslossesonextinguishmentofdebtnetofexpenses": 6400000,
        "revenues": 3226900000,
        "incurredclaimspropertycasualtyandliability": 2543400000,
        "deferredpolicyacquisitioncostamortizationexpense": 342400000,
        "otherunderwritingexpense": 459100000,
        "investmentincomeinvestmentexpense": 300000,
        "noninsuranceserviceexpenses": 5200000,
        "interestexpensedebt": 31900000,
        "benefitslossesandexpenses": 3382300000,
        "incomelossfromcontinuingoperationsbeforeincometaxesminorityinterestandincomelossfromequitymethodinvestments": 199600000,
        "incometaxexpensebenefit": 125600000,
        "netincomeloss": 261600000,
        "weightedaveragenumberofsharesoutstandingbasic": 655800000,
        "earningspersharebasic": 0.4,
        "weightedaveragenumberdilutedsharesoutstandingadjustment": 5400000,
        "weightedaveragenumberofdilutedsharesoutstanding": 661200000,
        "earningspersharediluted": 0.4
    },
    {
        "date": "2010-06-29",
        "symbol": "PGR",
        "period": "Q2",
        "premiumsearnednetpropertyandcasualty": 3590200000,
        "interestanddividendincomeoperating": 130600000,
        "otherthantemporaryimpairmentlossesoninvestments": 7900000,
        "noncreditlossesnetofcreditlossesonpreviousotherthantemporaryimpairments": 700000,
        "netotherthantemporaryimpairments": 8600000,
        "gainlossonsaleofsecuritiesnet": -30900000,
        "realizedinvestmentgainslosses": -39500000,
        "noninsuranceservicerevenues": 5000000,
        "revenues": 3215000000,
        "incurredclaimspropertycasualtyandliability": 2543200000,
        "deferredpolicyacquisitioncostamortizationexpense": 338800000,
        "otherunderwritingexpense": 446200000,
        "investmentincomeinvestmentexpense": 4600000,
        "noninsuranceserviceexpenses": 5500000,
        "interestexpensedebt": 35100000,
        "benefitslossesandexpenses": 3373400000,
        "incomelossfromcontinuingoperationsbeforeincometaxesminorityinterestandincomelossfromequitymethodinvestments": 222400000,
        "incometaxexpensebenefit": 101000000,
        "netincomeloss": 211900000,
        "weightedaveragenumberofsharesoutstandingbasic": 660400000,
        "earningspersharebasic": 0.32,
        "weightedaveragenumberdilutedsharesoutstandingadjustment": 5300000,
        "weightedaveragenumberofdilutedsharesoutstanding": 665700000,
        "earningspersharediluted": 0.32
    },
    {
        "date": "2010-03-30",
        "symbol": "PGR",
        "period": "Q1",
        "premiumsearnednetpropertyandcasualty": 3501100000,
        "interestanddividendincomeoperating": 129800000,
        "otherthantemporaryimpairmentlossesoninvestments": 9300000,
        "portionofimpairmentlossrecognizedinothercomprehensiveincome": 6200000,
        "netotherthantemporaryimpairments": 3100000,
        "gainlossonsaleofsecuritiesnet": 33900000,
        "realizedinvestmentgainslosses": 30800000,
        "noninsuranceservicerevenues": 4200000,
        "revenues": 3665900000,
        "incurredclaimspropertycasualtyandliability": 2423400000,
        "deferredpolicyacquisitioncostamortizationexpense": 333100000,
        "otherunderwritingexpense": 426500000,
        "investmentincomeinvestmentexpense": 3600000,
        "noninsuranceserviceexpenses": 5200000,
        "interestexpensedebt": 35200000,
        "benefitslossesandexpenses": 3227000000,
        "incomelossfromcontinuingoperationsbeforeincometaxesminorityinterestandincomelossfromequitymethodinvestments": 438900000,
        "incometaxexpensebenefit": 143300000,
        "netincomeloss": 295600000,
        "weightedaveragenumberofsharesoutstandingbasic": 661400000,
        "earningspersharebasic": 0.45,
        "weightedaveragenumberdilutedsharesoutstandingadjustment": 5000000,
        "weightedaveragenumberofdilutedsharesoutstanding": 666400000,
        "earningspersharediluted": 0.44
    }
]