[
    {
        "date": "2024-09-29",
        "symbol": "PSA",
        "period": "Q3",
        "revenues": 77643000,
        "directcostsofleasedandrentedpropertyorequipment": 287435000,
        "othercostofoperatingrevenue": 34265000,
        "depreciationdepletionandamortization": 280330000,
        "realestateacquisitionanddevelopmentexpense": 2530000,
        "generalandadministrativeexpense": 26214000,
        "interestexpense": 74252000,
        "costsandexpenses": 705026000,
        "interestandotherincome": 20029000,
        "incomelossfromequitymethodinvestments": 2888000,
        "foreigncurrencytransactiongainlossbeforetax": -70572000,
        "gainslossesonsalesofinvestmentrealestate": 554000,
        "incomelossfromcontinuingoperationsbeforeincometaxesextraordinaryitemsnoncontrollinginterest": 435631000,
        "incometaxexpensebenefit": 2488000,
        "profitloss": 433143000,
        "netincomelossattributabletononcontrollinginterest": 2814000,
        "netincomeloss": 430329000,
        "preferredstockdividendsincomestatementimpact": 48678000,
        "allocationofnetincometorestrictedshareunits": 939000,
        "netincomelossavailabletocommonstockholdersbasic": 380712000,
        "earningspersharebasic": 2.17,
        "earningspersharediluted": 2.16,
        "weightedaveragenumberofsharesoutstandingbasic": 175043000,
        "weightedaveragenumberofdilutedsharesoutstanding": 175866000,
        "othercomprehensiveincomelossforeigncurrencytransactionandtranslationadjustmentnetoftax": 21380000,
        "comprehensiveincomenetoftaxincludingportionattributabletononcontrollinginterest": 454523000,
        "comprehensiveincomenetoftaxattributabletononcontrollinginterest": 2827000,
        "comprehensiveincomenetoftax": 451696000
    },
    {
        "date": "2024-03-30",
        "symbol": "PSA",
        "period": "Q1",
        "revenues": 1086045000,
        "directcostsofleasedandrentedpropertyorequipment": 297414000,
        "othercostofoperatingrevenue": 27069000,
        "depreciationdepletionandamortization": 285203000,
        "realestateacquisitionanddevelopmentexpense": 3717000,
        "generalandadministrativeexpense": 21336000,
        "interestexpense": 67778000,
        "costsandexpenses": 702517000,
        "interestandotherincome": 13966000,
        "incomelossfromequitymethodinvestments": 6090000,
        "foreigncurrencytransactiongainlossbeforetax": 37543000,
        "gainslossesonsalesofinvestmentrealestate": 874000,
        "incomelossfromcontinuingoperationsbeforeincometaxesextraordinaryitemsnoncontrollinginterest": 513176000,
        "incometaxexpensebenefit": 1479000,
        "profitloss": 511697000,
        "netincomelossattributabletononcontrollinginterest": 2749000,
        "netincomeloss": 508948000,
        "preferredstockdividendsincomestatementimpact": 48678000,
        "allocationofnetincometorestrictedshareunits": 1061000,
        "netincomelossavailabletocommonstockholdersbasic": 459209000,
        "earningspersharebasic": 2.61,
        "earningspersharediluted": 2.6,
        "weightedaveragenumberofsharesoutstandingbasic": 175700000,
        "weightedaveragenumberofdilutedsharesoutstanding": 176350000,
        "othercomprehensiveincomelossforeigncurrencytransactionandtranslationadjustmentnetoftax": -7275000,
        "comprehensiveincomenetoftaxincludingportionattributabletononcontrollinginterest": 504422000,
        "comprehensiveincomenetoftaxattributabletononcontrollinginterest": 2748000,
        "comprehensiveincomenetoftax": 501674000
    },
    {
        "date": "2023-12-30",
        "symbol": "PSA",
        "period": "Q4",
        "revenues": 2062724000,
        "directcostsofleasedandrentedpropertyorequipment": 267872000,
        "othercostofoperatingrevenue": 22959000,
        "depreciationdepletionandamortization": 287525000,
        "generalandadministrativeexpense": 1029000,
        "interestexpense": 68602000,
        "costsandexpenses": 674438000,
        "interestandotherincome": 16209000,
        "incomelossfromequitymethodinvestments": 5110000,
        "foreigncurrencytransactiongainlossbeforetax": -71121000,
        "profitloss": 378021000,
        "netincomelossattributabletononcontrollinginterest": 8019000,
        "netincomeloss": 439292000,
        "preferredstockdividendsincomestatementimpact": 48674000,
        "allocationofnetincometorestrictedshareunits": 961000,
        "netincomelossavailabletocommonstockholdersbasic": 389657000,
        "earningspersharebasic": 2.2199999999999998,
        "earningspersharediluted": 2.2100000000000004,
        "weightedaveragenumberofsharesoutstandingbasic": 175472000,
        "weightedaveragenumberofdilutedsharesoutstanding": 176143000,
        "comprehensiveincomenetoftaxincludingportionattributabletononcontrollinginterest": 455762000,
        "comprehensiveincomenetoftaxattributabletononcontrollinginterest": 2605000,
        "comprehensiveincomenetoftax": 453157000
    },
    {
        "date": "2023-09-29",
        "symbol": "PSA",
        "period": "Q3",
        "revenues": 1078721000,
        "directcostsofleasedandrentedpropertyorequipment": 267785000,
        "othercostofoperatingrevenue": 21159000,
        "depreciationdepletionandamortization": 238748000,
        "generalandadministrativeexpense": 28625000,
        "interestexpense": 58350000,
        "costsandexpenses": 614667000,
        "interestandotherincome": 32295000,
        "incomelossfromequitymethodinvestments": 7227000,
        "foreigncurrencytransactiongainlossbeforetax": 47880000,
        "gainslossesonsalesofinvestmentrealestate": 88000,
        "profitloss": 616643000,
        "netincomelossattributabletononcontrollinginterest": 3345000,
        "netincomeloss": 613298000,
        "preferredstockdividendsincomestatementimpact": 48678000,
        "allocationofnetincometorestrictedshareunits": 1383000,
        "netincomelossavailabletocommonstockholdersbasic": 563237000,
        "earningspersharebasic": 3.21,
        "earningspersharediluted": 3.2,
        "weightedaveragenumberofsharesoutstandingbasic": 175499000,
        "weightedaveragenumberofdilutedsharesoutstanding": 176150000,
        "othercomprehensiveincomelossforeigncurrencytransactionandtranslationadjustmentnetoftax": -5958000,
        "comprehensiveincomenetoftaxincludingportionattributabletononcontrollinginterest": 610685000,
        "comprehensiveincomenetoftaxattributabletononcontrollinginterest": 3345000,
        "comprehensiveincomenetoftax": 607340000
    },
    {
        "date": "2023-06-29",
        "symbol": "PSA",
        "period": "Q2",
        "revenues": 1056120000,
        "directcostsofleasedandrentedpropertyorequipment": 257678000,
        "othercostofoperatingrevenue": 22202000,
        "depreciationdepletionandamortization": 222133000,
        "generalandadministrativeexpense": 25434000,
        "interestexpense": 38079000,
        "costsandexpenses": 565526000,
        "interestandotherincome": 18452000,
        "incomelossfromequitymethodinvestments": 9565000,
        "foreigncurrencytransactiongainlossbeforetax": -1096000,
        "profitloss": 581165000,
        "netincomelossattributabletononcontrollinginterest": 3136000,
        "netincomeloss": 578029000,
        "preferredstockdividendsincomestatementimpact": 48673000,
        "allocationofnetincometorestrictedshareunits": 1097000,
        "netincomelossavailabletocommonstockholdersbasic": 528259000,
        "earningspersharebasic": 3.01,
        "earningspersharediluted": 3,
        "weightedaveragenumberofsharesoutstandingbasic": 175484000,
        "weightedaveragenumberofdilutedsharesoutstanding": 176212000,
        "othercomprehensiveincomelossforeigncurrencytransactionandtranslationreclassificationadjustmentfromaociforequitymethodinvestments": 1302000,
        "comprehensiveincomenetoftaxincludingportionattributabletononcontrollinginterest": 582467000,
        "comprehensiveincomenetoftaxattributabletononcontrollinginterest": 3136000,
        "comprehensiveincomenetoftax": 579331000
    },
    {
        "date": "2023-03-30",
        "symbol": "PSA",
        "period": "Q1",
        "revenues": 62048000,
        "directcostsofleasedandrentedpropertyorequipment": 268615000,
        "othercostofoperatingrevenue": 19676000,
        "depreciationdepletionandamortization": 221650000,
        "generalandadministrativeexpense": 25544000,
        "interestexpense": 36101000,
        "costsandexpenses": 571586000,
        "interestandotherincome": 18634000,
        "incomelossfromequitymethodinvestments": 5995000,
        "foreigncurrencytransactiongainlossbeforetax": -26860000,
        "profitloss": 584291000,
        "netincomelossattributabletononcontrollinginterest": -2707000,
        "netincomeloss": 517708000,
        "preferredstockdividendsincomestatementimpact": 48678000,
        "allocationofnetincometorestrictedshareunits": 1442000,
        "netincomelossavailabletocommonstockholdersbasic": 467588000,
        "earningspersharebasic": 2.67,
        "earningspersharediluted": 2.65,
        "weightedaveragenumberofsharesoutstandingbasic": 175451000,
        "weightedaveragenumberofdilutedsharesoutstanding": 176228000,
        "othercomprehensiveincomelossforeigncurrencytransactionandtranslationreclassificationadjustmentfromaociforequitymethodinvestments": 3869000,
        "comprehensiveincomenetoftaxincludingportionattributabletononcontrollinginterest": 524284000,
        "comprehensiveincomenetoftaxattributabletononcontrollinginterest": 2707000,
        "comprehensiveincomenetoftax": 521577000
    },
    {
        "date": "2022-09-29",
        "symbol": "PSA",
        "period": "Q3",
        "revenues": 1027374000,
        "directcostsofleasedandrentedpropertyorequipment": 255470000,
        "othercostofoperatingrevenue": 21572000,
        "depreciationdepletionandamortization": 220772000,
        "generalandadministrativeexpense": 29501000,
        "interestexpense": 34113000,
        "costsandexpenses": 561428000,
        "interestandotherincome": 12736000,
        "incomelossfromequitymethodinvestments": 8180000,
        "foreigncurrencytransactiongainlossbeforetax": 100170000,
        "gainslossesonsalesofinvestmentrealestate": 1503000,
        "equitymethodinvestmentrealizedgainlossondisposal": 2128860000,
        "profitloss": 2778152000,
        "netincomelossattributabletononcontrollinginterest": 9158000,
        "netincomeloss": 2768994000,
        "preferredstockdividendsincomestatementimpact": 48678000,
        "restrictedshareunits": 8155000,
        "netincomelossavailabletocommonstockholdersbasic": 2712161000,
        "earningspersharebasic": 15.47,
        "earningspersharediluted": 15.38,
        "weightedaveragenumberofsharesoutstandingbasic": 175283000,
        "weightedaveragenumberofdilutedsharesoutstanding": 176328000,
        "othercomprehensiveincomelossforeigncurrencytransactionandtranslationreclassificationadjustmentfromaociforequitymethodinvestments": -17253000,
        "comprehensiveincomenetoftaxincludingportionattributabletononcontrollinginterest": 2760899000,
        "comprehensiveincomenetoftaxattributabletononcontrollinginterest": 9158000,
        "comprehensiveincomenetoftax": 2751741000
    },
    {
        "date": "2022-06-29",
        "symbol": "PSA",
        "period": "Q2",
        "revenues": 973286000,
        "directcostsofleasedandrentedpropertyorequipment": 237989000,
        "othercostofoperatingrevenue": 17210000,
        "depreciationdepletionandamortization": 218708000,
        "generalandadministrativeexpense": 28831000,
        "interestexpense": 32941000,
        "costsandexpenses": 535679000,
        "interestandotherincome": 10279000,
        "incomelossfromequitymethodinvestments": 48525000,
        "foreigncurrencytransactiongainlossbeforetax": 101723000,
        "profitloss": 656893000,
        "netincomelossattributabletononcontrollinginterest": 3043000,
        "netincomeloss": 653850000,
        "preferredstockdividendsincomestatementimpact": 48673000,
        "restrictedshareunits": 1796000,
        "netincomelossavailabletocommonstockholdersbasic": 603381000,
        "earningspersharebasic": 3.44,
        "earningspersharediluted": 3.42,
        "weightedaveragenumberofsharesoutstandingbasic": 175229000,
        "weightedaveragenumberofdilutedsharesoutstanding": 176312000,
        "othercomprehensiveincomelossforeigncurrencytransactionandtranslationreclassificationadjustmentfromaociforequitymethodinvestments": -18835000,
        "comprehensiveincomenetoftaxincludingportionattributabletononcontrollinginterest": 638058000,
        "comprehensiveincomenetoftaxattributabletononcontrollinginterest": 3043000,
        "comprehensiveincomenetoftax": 635015000
    },
    {
        "date": "2021-09-29",
        "symbol": "PSA",
        "period": "Q3",
        "revenues": 840510000,
        "directcostsofleasedandrentedpropertyorequipment": 216999000,
        "othercostofoperatingrevenue": 19735000,
        "depreciationandamortization": 188552000,
        "generalandadministrativeexpense": 31682000,
        "interestexpense": 23736000,
        "costsandexpenses": 480704000,
        "investmentincomenet": 3356000,
        "incomelossfromequitymethodinvestments": 32860000,
        "foreignexchangefluctuation": 40906000,
        "gainslossesonsalesofinvestmentrealestate": 279000,
        "profitloss": 491628000,
        "incomelossattributabletononcontrollinginterest": 1537000,
        "netincomeloss": 490091000,
        "preferredstockdividendsincomestatementimpact": 46237000,
        "restrictedshareunits": 1527000,
        "netincomelossavailabletocommonstockholdersbasic": 442327000,
        "earningspersharebasic": 2.5300000000000002,
        "earningspersharediluted": 2.5200000000000005,
        "weightedaveragenumberofsharesoutstandingbasic": -174648000,
        "weightedaveragenumberofdilutedsharesoutstanding": -174989000,
        "othercomprehensiveincomelossforeigncurrencytransactionandtranslationreclassificationadjustmentfromaociforequitymethodinvestments": -6898000,
        "comprehensiveincomenetoftaxincludingportionattributabletononcontrollinginterest": 484730000,
        "comprehensiveincomenetoftaxattributabletononcontrollinginterest": 1537000,
        "comprehensiveincomenetoftax": 483193000
    },
    {
        "date": "2021-06-29",
        "symbol": "PSA",
        "period": "Q2",
        "revenues": 776993000,
        "directcostsofleasedandrentedpropertyorequipment": 202595000,
        "othercostofoperatingrevenue": 15991000,
        "depreciationandamortization": 172728000,
        "generalandadministrativeexpense": 27740000,
        "interestexpense": 21994000,
        "costsandexpenses": 441048000,
        "operatingincomeloss": 574398000,
        "investmentincomenet": 3113000,
        "incomelossfromequitymethodinvestments": 29066000,
        "foreignexchangefluctuation": -12707000,
        "gainslossesonsalesofinvestmentrealestate": 3991000,
        "profitloss": 411730000,
        "incomelossattributabletononcontrollinginterest": 1304000,
        "netincomeloss": 410426000,
        "preferredstockdividendsincomestatementimpact": 46183000,
        "preferredstockredemptionpremium": 16989000,
        "restrictedshareunits": 1005000,
        "netincomelossavailabletocommonstockholdersbasic": 346249000,
        "earningspersharebasic": 1.98,
        "earningspersharediluted": 1.97,
        "weightedaveragenumberofsharesoutstandingbasic": 174824000,
        "weightedaveragenumberofdilutedsharesoutstanding": 175547000,
        "othercomprehensiveincomelossforeigncurrencytransactionandtranslationreclassificationadjustmentfromaociforequitymethodinvestments": 3259000,
        "comprehensiveincomenetoftaxincludingportionattributabletononcontrollinginterest": 414989000,
        "comprehensiveincomenetoftaxattributabletononcontrollinginterest": 1304000,
        "comprehensiveincomenetoftax": 413685000
    },
    {
        "date": "2021-03-30",
        "symbol": "PSA",
        "period": "Q1",
        "revenues": 716347000,
        "directcostsofleasedandrentedpropertyorequipment": 212105000,
        "othercostofoperatingrevenue": 16318000,
        "depreciationandamortization": 146859000,
        "generalandadministrativeexpense": 19574000,
        "interestexpense": 15250000,
        "costsandexpenses": 410106000,
        "operatingincomeloss": 504242000,
        "investmentincomenet": 2852000,
        "incomelossfromequitymethodinvestments": 19456000,
        "foreignexchangefluctuation": 45385000,
        "gainslossesonsalesofinvestmentrealestate": 9413000,
        "profitloss": 434262000,
        "incomelossattributabletononcontrollinginterest": 1226000,
        "netincomeloss": 433036000,
        "preferredstockdividendsincomestatementimpact": 46080000,
        "restrictedshareunits": 1146000,
        "netincomelossavailabletocommonstockholdersbasic": 385810000,
        "earningspersharebasic": 2.21,
        "earningspersharediluted": 2.21,
        "weightedaveragenumberofsharesoutstandingbasic": 174611000,
        "weightedaveragenumberofdilutedsharesoutstanding": 174840000,
        "othercomprehensiveincomelossforeigncurrencytransactionandtranslationreclassificationadjustmentfromaociforequitymethodinvestments": -5940000,
        "comprehensiveincomenetoftaxincludingportionattributabletononcontrollinginterest": 428322000,
        "comprehensiveincomenetoftaxattributabletononcontrollinginterest": 1226000,
        "comprehensiveincomenetoftax": 427096000
    },
    {
        "date": "2020-12-30",
        "symbol": "PSA",
        "period": "Q4",
        "revenues": 698938000,
        "directcostsofleasedandrentedpropertyorequipment": 179726000,
        "othercostofoperatingrevenue": 25798000,
        "depreciationandamortization": 141406000,
        "generalandadministrativeexpense": 20553000,
        "interestexpense": 14235000,
        "costsandexpenses": 381718000,
        "operatingincomeloss": 519212000,
        "investmentincomenet": 2799000,
        "incomelossfromequitymethodinvestments": 17634000,
        "foreignexchangefluctuation": -45703000,
        "profitloss": 352432000,
        "incomelossattributabletononcontrollinginterest": 1165000,
        "netincomeloss": 351267000,
        "preferredstockdividendsincomestatementimpact": 48219000,
        "restrictedshareunits": 999000,
        "netincomelossavailabletocommonstockholdersbasic": 292166000,
        "earningspersharebasic": 1.6699999999999997,
        "earningspersharediluted": 1.67,
        "weightedaveragenumberofsharesoutstandingbasic": 13000,
        "weightedaveragenumberofdilutedsharesoutstanding": 36000,
        "comprehensiveincomenetoftaxincludingportionattributabletononcontrollinginterest": 371375000,
        "comprehensiveincomenetoftaxattributabletononcontrollinginterest": 1165000,
        "comprehensiveincomenetoftax": 370210000
    },
    {
        "date": "2020-09-29",
        "symbol": "PSA",
        "period": "Q3",
        "revenues": 683949000,
        "directcostsofleasedandrentedpropertyorequipment": 206067000,
        "othercostofoperatingrevenue": 11394000,
        "depreciationandamortization": 138333000,
        "generalandadministrativeexpense": 21288000,
        "interestexpense": 14282000,
        "costsandexpenses": 391364000,
        "operatingincomeloss": 477882000,
        "investmentincomenet": 7214000,
        "incomelossfromequitymethodinvestments": 21240000,
        "foreignexchangefluctuation": -41900000,
        "profitloss": 325847000,
        "incomelossattributabletononcontrollinginterest": 980000,
        "netincomeloss": 324867000,
        "preferredstockdividendsincomestatementimpact": 53892000,
        "restrictedshareunits": 746000,
        "netincomelossavailabletocommonstockholdersbasic": 246916000,
        "earningspersharebasic": 1.41,
        "earningspersharediluted": 1.42,
        "weightedaveragenumberofsharesoutstandingbasic": 11000,
        "weightedaveragenumberofdilutedsharesoutstanding": 10000,
        "othercomprehensiveincomelossnetoftax": 10792000,
        "comprehensiveincomenetoftaxincludingportionattributabletononcontrollinginterest": 336639000,
        "comprehensiveincomenetoftaxattributabletononcontrollinginterest": 980000,
        "comprehensiveincomenetoftax": 335659000
    },
    {
        "date": "2020-06-29",
        "symbol": "PSA",
        "period": "Q2",
        "revenues": 664542000,
        "directcostsofleasedandrentedpropertyorequipment": 213825000,
        "othercostofoperatingrevenue": 11782000,
        "depreciationandamortization": 137618000,
        "generalandadministrativeexpense": 20294000,
        "interestexpense": 14145000,
        "costsandexpenses": 397664000,
        "operatingincomeloss": 450717000,
        "investmentincomenet": 5831000,
        "incomelossfromequitymethodinvestments": 17655000,
        "foreignexchangefluctuation": -19295000,
        "gainslossesonsalesofinvestmentrealestate": 0,
        "profitloss": 315812000,
        "incomelossattributabletononcontrollinginterest": 889000,
        "netincomeloss": 314923000,
        "preferredstockdividendsincomestatementimpact": 52952000,
        "restrictedshareunits": 783000,
        "netincomelossavailabletocommonstockholdersbasic": 246119000,
        "earningspersharebasic": 1.41,
        "earningspersharediluted": 1.4100000000000001,
        "weightedaveragenumberofsharesoutstandingbasic": 24000,
        "weightedaveragenumberofdilutedsharesoutstanding": -20000,
        "othercomprehensiveincomeforeigncurrencytransactionandtranslationgainlossarisingduringperiodnetoftax": -14426000,
        "othercomprehensiveincomelossnetoftax": 4869000,
        "comprehensiveincomenetoftaxincludingportionattributabletononcontrollinginterest": 320681000,
        "comprehensiveincomenetoftaxattributabletononcontrollinginterest": 889000,
        "comprehensiveincomenetoftax": 319792000
    },
    {
        "date": "2020-03-30",
        "symbol": "PSA",
        "period": "Q1",
        "revenues": 674201000,
        "directcostsofleasedandrentedpropertyorequipment": 207925000,
        "othercostofoperatingrevenue": 10945000,
        "depreciationandamortization": 135900000,
        "generalandadministrativeexpense": 21064000,
        "interestexpense": 13621000,
        "costsandexpenses": 389455000,
        "operatingincomeloss": 466276000,
        "investmentincomenet": 6479000,
        "incomelossfromequitymethodinvestments": 23968000,
        "foreignexchangefluctuation": 8945000,
        "gainslossesonsalesofinvestmentrealestate": 1117000,
        "profitloss": 367136000,
        "incomelossattributabletononcontrollinginterest": 980000,
        "netincomeloss": 366156000,
        "preferredstockdividendsincomestatementimpact": 52005000,
        "restrictedshareunits": 1017000,
        "netincomelossavailabletocommonstockholdersbasic": 313134000,
        "earningspersharebasic": 1.8,
        "earningspersharediluted": 1.79,
        "weightedaveragenumberofsharesoutstandingbasic": 174446000,
        "weightedaveragenumberofdilutedsharesoutstanding": 174616000,
        "othercomprehensiveincomeforeigncurrencytransactionandtranslationgainlossarisingduringperiodnetoftax": -4170000,
        "othercomprehensiveincomelossforeigncurrencytransactionandtranslationreclassificationadjustmentfromaocirealizeduponsaleorliquidationnetoftax": 8945000,
        "othercomprehensiveincomelossnetoftax": -13115000,
        "comprehensiveincomenetoftaxincludingportionattributabletononcontrollinginterest": 354021000,
        "comprehensiveincomenetoftaxattributabletononcontrollinginterest": 980000,
        "comprehensiveincomenetoftax": 353041000
    },
    {
        "date": "2019-06-29",
        "symbol": "PSA",
        "period": "Q2",
        "revenues": 669339000,
        "directcostsofleasedandrentedpropertyorequipment": 196083000,
        "othercostofoperatingrevenue": 11653000,
        "depreciationandamortization": 126859000,
        "generalandadministrativeexpense": 15264000,
        "interestexpense": 12254000,
        "costsandexpenses": 362113000,
        "investmentincomenet": 8582000,
        "incomelossfromequitymethodinvestments": 18914000,
        "foreignexchangefluctuation": -5218000,
        "gainslossesonsalesofinvestmentrealestate": 341000,
        "profitloss": 371456000,
        "incomelossattributabletononcontrollinginterest": 1400000,
        "netincomeloss": 370056000,
        "preferredstockdividendsincomestatementimpact": 53525000,
        "preferredstockredemptionpremium": 8861000,
        "restrictedshareunits": 1259000,
        "netincomelossavailabletocommonstockholdersbasic": 306411000,
        "earningspersharebasic": 1.76,
        "earningspersharediluted": 1.76,
        "weightedaveragenumberofsharesoutstandingbasic": 174253000,
        "weightedaveragenumberofdilutedsharesoutstanding": 174542000,
        "othercomprehensiveincomeforeigncurrencytransactionandtranslationgainlossarisingduringperiodnetoftax": -6796000,
        "othercomprehensiveincomelossforeigncurrencytransactionandtranslationreclassificationadjustmentfromaocirealizeduponsaleorliquidationnetoftax": -5218000,
        "othercomprehensiveincomelossnetoftax": -1578000,
        "comprehensiveincomenetoftaxincludingportionattributabletononcontrollinginterest": 369878000,
        "comprehensiveincomenetoftaxattributabletononcontrollinginterest": 1400000,
        "comprehensiveincomenetoftax": 368478000
    },
    {
        "date": "2018-09-29",
        "symbol": "PSA",
        "period": "Q3",
        "revenues": 666616000,
        "directcostsofleasedandrentedpropertyorequipment": 183637000,
        "othercostofoperatingrevenue": 11907000,
        "depreciationandamortization": 124516000,
        "generalandadministrativeexpense": 27429000,
        "costsandexpenses": 347489000,
        "operatingincomeloss": 358879000,
        "investmentincomenet": 7020000,
        "interestexpense": 8094000,
        "incomelossfromequitymethodinvestments": 4763000,
        "foreignexchangefluctuation": 2600000,
        "gainslossesonsalesofinvestmentrealestate": 1401000,
        "profitloss": 358463000,
        "incomelossattributabletononcontrollinginterest": 1562000,
        "netincomeloss": 378027000,
        "preferredstockdividendsincomestatementimpact": 54080000,
        "restrictedshareunits": 1268000,
        "netincomelossavailabletocommonstockholdersbasic": 322679000,
        "earningspersharebasic": 1.85,
        "earningspersharediluted": 1.85,
        "weightedaveragenumberofsharesoutstandingbasic": 173975000,
        "weightedaveragenumberofdilutedsharesoutstanding": 174348000,
        "othercomprehensiveincomeforeigncurrencytransactionandtranslationgainlossarisingduringperiodnetoftax": 2874000,
        "othercomprehensiveincomelossforeigncurrencytransactionandtranslationreclassificationadjustmentfromaocirealizeduponsaleorliquidationnetoftax": 2612000,
        "othercomprehensiveincomelossnetoftax": 262000,
        "comprehensiveincomenetoftaxincludingportionattributabletononcontrollinginterest": 379851000,
        "comprehensiveincomenetoftaxattributabletononcontrollinginterest": 1562000,
        "comprehensiveincomenetoftax": 378289000
    },
    {
        "date": "2017-06-29",
        "symbol": "PSA",
        "period": "Q2",
        "realestaterevenuenet": 624199000,
        "othersalesrevenuenet": 40113000,
        "revenues": 624199000,
        "directcostsofleasedandrentedpropertyorequipment": 171195000,
        "othercostofoperatingrevenue": 11383000,
        "depreciationandamortization": 110177000,
        "generalandadministrativeexpense": 14992000,
        "costsandexpenses": 307747000,
        "operatingincomeloss": 356565000,
        "investmentincomenet": 4155000,
        "interestexpense": 1116000,
        "incomelossfromequitymethodinvestments": 685000,
        "foreignexchangefluctuation": -25440000,
        "gainslossesonsalesofinvestmentrealestate": 975000,
        "profitloss": 342827000,
        "incomelossattributabletononcontrollinginterest": 1505000,
        "netincomeloss": 353702000,
        "preferredstockdividendsincomestatementimpact": 61281000,
        "preferredstockredemptionpremium": 14600000,
        "restrictedshareunits": 1102000,
        "netincomelossavailabletocommonstockholdersbasic": 276681000,
        "earningspersharebasic": 1.59,
        "earningspersharediluted": 1.59,
        "weightedaveragenumberofsharesoutstandingbasic": 173602000,
        "weightedaveragenumberofdilutedsharesoutstanding": 174075000,
        "othercomprehensiveincomeforeigncurrencytransactionandtranslationgainlossarisingduringperiodnetoftax": -15358000,
        "othercomprehensiveincomelossforeigncurrencytransactionandtranslationreclassificationadjustmentfromaocirealizeduponsaleorliquidationnetoftax": -25440000,
        "othercomprehensiveincomelossnetoftax": 10082000,
        "comprehensiveincomenetoftaxincludingportionattributabletononcontrollinginterest": 365289000,
        "comprehensiveincomenetoftaxattributabletononcontrollinginterest": 1505000,
        "comprehensiveincomenetoftax": 363784000
    },
    {
        "date": "2015-09-29",
        "symbol": "PSA",
        "period": "Q3",
        "realestaterevenuenet": 580976000,
        "othersalesrevenuenet": 37896000,
        "revenues": 580976000,
        "directcostsofleasedandrentedpropertyorequipment": 152010000,
        "othercostofoperatingrevenue": 12676000,
        "depreciationandamortization": 106082000,
        "generalandadministrativeexpense": 23573000,
        "costsandexpenses": 294341000,
        "operatingincomeloss": 324531000,
        "interestandotherincome": 3659000,
        "incomelossfromequitymethodinvestments": 1000000,
        "gainslossesonsalesofinvestmentrealestate": 5300000,
        "profitloss": 322884000,
        "incomelossattributabletononcontrollinginterest": 1568000,
        "netincomeloss": 339568000,
        "preferredshareholdersbasedondistributionspaid": 61062000,
        "preferredshareholdersbasedonrepurchases": 4113000,
        "restrictedshareunits": 885000,
        "netincomelossavailabletocommonstockholdersbasic": 273508000,
        "earningspersharebasic": 1.58,
        "earningspersharediluted": 1.58,
        "weightedaveragenumberofsharesoutstandingbasic": 172771000,
        "weightedaveragenumberofdilutedsharesoutstanding": 173529000,
        "commonstockdividendspersharedeclared": 1.7,
        "othercomprehensiveincomeforeigncurrencytransactionandtranslationgainlossarisingduringperiodnetoftax": -5914000,
        "othercomprehensiveincomelosstax": 5914000,
        "comprehensiveincomenetoftaxincludingportionattributabletononcontrollinginterest": 335222000,
        "comprehensiveincomenetoftaxattributabletononcontrollinginterest": 1568000,
        "comprehensiveincomenetoftax": 333654000
    },
    {
        "date": "2014-09-29",
        "symbol": "PSA",
        "period": "Q3",
        "realestaterevenuenet": 534271000,
        "othernonoperatingincome": 33438000,
        "revenues": 33438000,
        "directcostsofleasedandrentedpropertyorequipment": 146979000,
        "othernonoperatingexpense": 11622000,
        "depreciationandamortization": 110346000,
        "generalandadministrativeexpense": 17874000,
        "totalexpenses": 29496000,
        "operatingincomeloss": 3942000,
        "investmentincomenet": 420000,
        "interestexpense": 1238000,
        "incomelossfromequitymethodinvestments": 8363000,
        "foreigncurrencytransactiongainlossbeforetax": -3012000,
        "gainslossesonsalesofinvestmentrealestate": 1260000,
        "profitloss": 3124000,
        "incomelossattributabletononcontrollinginterest": 1518000,
        "netincomeloss": 293459000,
        "preferredshareholdersbasedondistributionspaid": -60763000,
        "restrictedshareunits": -881000,
        "netincomelossavailabletocommonstockholdersbasic": 231815000,
        "earningspersharebasic": 1.34,
        "earningspersharediluted": 1.34,
        "weightedaveragenumberofsharesoutstandingbasic": 172378000,
        "weightedaveragenumberofdilutedsharesoutstanding": 173304000,
        "commonstockdividendspersharedeclared": 1.4,
        "othercomprehensiveincomelossforeigncurrencytransactionandtranslationadjustmentbeforetax": -26339000,
        "eliminateforeigncurrencyexchangegainlossincludedinnetincome": 3012000,
        "othercomprehensiveincomeforeigncurrencytransactionandtranslationgainlossarisingduringperiodnetoftax": -23327000,
        "comprehensiveincomenetoftaxincludingportionattributabletononcontrollinginterest": 271650000,
        "comprehensiveincomenetoftaxattributabletononcontrollinginterest": 1518000,
        "comprehensiveincomenetoftax": 270132000
    },
    {
        "date": "2014-06-29",
        "symbol": "PSA",
        "period": "Q2",
        "realestaterevenuenet": 500803000,
        "othernonoperatingincome": 33268000,
        "revenues": 33268000,
        "directcostsofleasedandrentedpropertyorequipment": 142427000,
        "othernonoperatingexpense": 6834000,
        "depreciationandamortization": 105710000,
        "generalandadministrativeexpense": 15377000,
        "totalexpenses": 22211000,
        "operatingincomeloss": 11057000,
        "investmentincomenet": 668000,
        "interestexpense": 2063000,
        "incomelossfromequitymethodinvestments": 441000,
        "foreigncurrencytransactiongainlossbeforetax": -1675000,
        "gainslossesonsalesofinvestmentrealestate": 1219000,
        "profitloss": 9662000,
        "incomelossattributabletononcontrollinginterest": 1445000,
        "netincomeloss": 276834000,
        "preferredshareholdersbasedondistributionspaid": -57672000,
        "restrictedshareunits": -810000,
        "netincomelossavailabletocommonstockholdersbasic": 218352000,
        "earningspersharebasic": 1.27,
        "earningspersharediluted": 1.26,
        "weightedaveragenumberofsharesoutstandingbasic": 172282000,
        "weightedaveragenumberofdilutedsharesoutstanding": 173181000,
        "commonstockdividendspersharedeclared": 1.4,
        "othercomprehensiveincomelossforeigncurrencytransactionandtranslationadjustmentbeforetax": -6228000,
        "eliminateforeigncurrencyexchangegainlossincludedinnetincome": 1675000,
        "othercomprehensiveincomeforeigncurrencytransactionandtranslationgainlossarisingduringperiodnetoftax": -4553000,
        "comprehensiveincomenetoftaxincludingportionattributabletononcontrollinginterest": 273726000,
        "comprehensiveincomenetoftaxattributabletononcontrollinginterest": 1445000,
        "comprehensiveincomenetoftax": 272281000
    },
    {
        "date": "2013-09-29",
        "symbol": "PSA",
        "period": "Q3",
        "realestaterevenuenet": 477978000,
        "othernonoperatingincome": 30386000,
        "revenues": 30386000,
        "directcostsofleasedandrentedpropertyorequipment": 136751000,
        "othernonoperatingexpense": 9723000,
        "depreciationandamortization": 95841000,
        "generalandadministrativeexpense": 17650000,
        "totalexpenses": 27373000,
        "operatingincomeloss": 3013000,
        "investmentincomenet": 459000,
        "interestexpense": 478000,
        "incomelossfromequitymethodinvestments": 455000,
        "foreigncurrencytransactiongainlossbeforetax": 16094000,
        "gainslossesonsalesofinvestmentrealestate": 168000,
        "incomelossfromcontinuingoperationsincludingportionattributabletononcontrollinginterest": 285628000,
        "profitloss": 2994000,
        "incomelossattributabletononcontrollinginterest": 1430000,
        "netincomeloss": 284198000,
        "preferredshareholdersbasedondistributionspaid": -51907000,
        "restrictedshareunits": -930000,
        "netincomelossavailabletocommonstockholdersbasic": 231361000,
        "incomelossfromcontinuingoperationsperbasicshare": 1.35,
        "earningspersharebasic": 1.35,
        "incomelossfromcontinuingoperationsperdilutedshare": 1.34,
        "earningspersharediluted": 1.34,
        "weightedaveragenumberofsharesoutstandingbasic": 171721000,
        "weightedaveragenumberofdilutedsharesoutstanding": 172793000,
        "commonstockdividendspersharedeclared": 1.25,
        "othercomprehensiveincomelossforeigncurrencytransactionandtranslationadjustmentbeforetax": 34135000,
        "eliminateforeigncurrencyexchangegainlossincludedinnetincome": -16094000,
        "othercomprehensiveincomeforeigncurrencytransactionandtranslationgainlossarisingduringperiodnetoftax": 18041000,
        "comprehensiveincomenetoftaxincludingportionattributabletononcontrollinginterest": 303669000,
        "comprehensiveincomenetoftaxattributabletononcontrollinginterest": 1430000,
        "comprehensiveincomenetoftax": 302239000
    },
    {
        "date": "2013-06-29",
        "symbol": "PSA",
        "period": "Q2",
        "realestaterevenuenet": 451576000,
        "othernonoperatingincome": 30311000,
        "revenues": 30311000,
        "directcostsofleasedandrentedpropertyorequipment": 132137000,
        "othernonoperatingexpense": 9115000,
        "depreciationandamortization": 90249000,
        "generalandadministrativeexpense": 14085000,
        "totalexpenses": 23200000,
        "operatingincomeloss": 7111000,
        "investmentincomenet": 486000,
        "interestexpense": 647000,
        "incomelossfromequitymethodinvestments": 401000,
        "foreigncurrencytransactiongainlossbeforetax": 5924000,
        "incomelossfromcontinuingoperationsincludingportionattributabletononcontrollinginterest": 261679000,
        "profitloss": 6950000,
        "incomelossattributabletononcontrollinginterest": 1216000,
        "netincomeloss": 260463000,
        "preferredshareholdersbasedondistributionspaid": -51907000,
        "restrictedshareunits": -871000,
        "netincomelossavailabletocommonstockholdersbasic": 207685000,
        "incomelossfromcontinuingoperationsperbasicshare": 1.21,
        "earningspersharebasic": 1.21,
        "incomelossfromcontinuingoperationsperdilutedshare": 1.2,
        "earningspersharediluted": 1.2,
        "weightedaveragenumberofsharesoutstandingbasic": 171625000,
        "weightedaveragenumberofdilutedsharesoutstanding": 172647000,
        "commonstockdividendspersharedeclared": 1.25,
        "othercomprehensiveincomelossforeigncurrencytransactionandtranslationadjustmentbeforetax": 4291000,
        "eliminateforeigncurrencyexchangegainlossincludedinnetincome": -5924000,
        "othercomprehensiveincomeforeigncurrencytransactionandtranslationgainlossarisingduringperiodnetoftax": -1633000,
        "comprehensiveincomenetoftaxincludingportionattributabletononcontrollinginterest": 260046000,
        "comprehensiveincomenetoftaxattributabletononcontrollinginterest": 1216000,
        "comprehensiveincomenetoftax": 258830000
    },
    {
        "date": "2013-03-30",
        "symbol": "PSA",
        "period": "Q1",
        "realestaterevenuenet": 439665000,
        "othernonoperatingincome": 27702000,
        "revenues": 27702000,
        "directcostsofleasedandrentedpropertyorequipment": 140993000,
        "othernonoperatingexpense": 8086000,
        "depreciationandamortization": 90302000,
        "generalandadministrativeexpense": 18253000,
        "totalexpenses": 26339000,
        "operatingincomeloss": 1363000,
        "investmentincomenet": 543000,
        "interestexpense": 3497000,
        "incomelossfromequitymethodinvestments": 366000,
        "foreigncurrencytransactiongainlossbeforetax": -12737000,
        "incomelossfromcontinuingoperationsincludingportionattributabletononcontrollinginterest": 212247000,
        "profitloss": 212247000,
        "incomelossattributabletononcontrollinginterest": 1024000,
        "netincomeloss": 211223000,
        "preferredshareholdersbasedondistributionspaid": -48590000,
        "restrictedshareunits": -697000,
        "netincomelossavailabletocommonstockholdersbasic": 161936000,
        "incomelossfromcontinuingoperationsperbasicshare": 0.94,
        "earningspersharebasic": 0.94,
        "incomelossfromcontinuingoperationsperdilutedshare": 0.94,
        "earningspersharediluted": 0.94,
        "weightedaveragenumberofsharesoutstandingbasic": 171446000,
        "weightedaveragenumberofdilutedsharesoutstanding": 172514000,
        "commonstockdividendspersharedeclared": 1.25,
        "othercomprehensiveincomelossforeigncurrencytransactionandtranslationadjustmentbeforetax": -32621000,
        "eliminateforeigncurrencyexchangegainlossincludedinnetincome": 12737000,
        "othercomprehensiveincomeforeigncurrencytransactionandtranslationgainlossarisingduringperiodnetoftax": -19884000,
        "comprehensiveincomenetoftaxincludingportionattributabletononcontrollinginterest": 192363000,
        "comprehensiveincomenetoftaxattributabletononcontrollinginterest": 1024000,
        "comprehensiveincomenetoftax": 191339000
    },
    {
        "date": "2012-09-29",
        "symbol": "PSA",
        "period": "Q3",
        "realestaterevenuenet": 440918000,
        "othernonoperatingincome": 28556000,
        "revenues": 28556000,
        "directcostsofleasedandrentedpropertyorequipment": 127367000,
        "othernonoperatingexpense": 8757000,
        "depreciationandamortization": 89194000,
        "generalandadministrativeexpense": 15298000,
        "totalexpenses": 24055000,
        "operatingincomeloss": 4501000,
        "investmentincomenet": 554000,
        "interestexpense": 4926000,
        "incomelossfromequitymethodinvestments": 399000,
        "foreigncurrencytransactiongainlossbeforetax": 9019000,
        "gainlossonsalesofinvestmentrealestateanddebtretirement": 193000,
        "incomelossfromcontinuingoperationsincludingportionattributabletononcontrollinginterest": 129000,
        "incomelossfromdiscontinuedoperationsnetoftaxattributabletoreportingentity": 11935000,
        "profitloss": 129000,
        "incomelossattributabletononcontrollinginterest": 927000,
        "netincomeloss": 263892000,
        "preferredshareholdersbasedondistributionspaid": -49267000,
        "preferredshareholdersbasedonrepurchases": -11350000,
        "restrictedshareunits": -810000,
        "netincomelossavailabletocommonstockholdersbasic": 202465000,
        "incomelossfromcontinuingoperationsperbasicshare": 1.12,
        "incomelossfromdiscontinuedoperationsnetoftaxperbasicshare": 0.07,
        "earningspersharebasic": 1.19,
        "incomelossfromcontinuingoperationsperdilutedshare": 1.11,
        "incomelossfromdiscontinuedoperationsnetoftaxperdilutedshare": 0.07,
        "earningspersharediluted": 1.18,
        "weightedaveragenumberofsharesoutstandingbasic": 170576000,
        "weightedaveragenumberofdilutedsharesoutstanding": 171700000,
        "commonstockdividendspersharedeclared": 1.1,
        "othercomprehensiveincomeforeigncurrencytransactionandtranslationadjustmentbeforetaxperiodincreasedecrease": 21081000,
        "eliminateforeigncurrencyexchangegainlossincludedinnetincome": -9019000,
        "othercomprehensiveincomeforeigncurrencytransactionandtranslationgainlossarisingduringperiodnetoftax": 12062000,
        "comprehensiveincomenetoftaxincludingportionattributabletononcontrollinginterest": 276881000,
        "comprehensiveincomenetoftaxattributabletononcontrollinginterest": 927000,
        "comprehensiveincomenetoftax": 275954000
    },
    {
        "date": "2012-06-29",
        "symbol": "PSA",
        "period": "Q2",
        "realestaterevenuenet": 420466000,
        "othernonoperatingincome": 28095000,
        "investmentincomenet": 580000,
        "revenues": 28675000,
        "directcostsofleasedandrentedpropertyorequipment": 129355000,
        "othernonoperatingexpense": 8565000,
        "depreciationandamortization": 87850000,
        "generalandadministrativeexpense": 12414000,
        "interestexpense": 5067000,
        "totalexpenses": 26046000,
        "incomelossfromcontinuingoperationsbeforeincometaxesminorityinterestandincomelossfromequitymethodinvestments": 212589000,
        "incomelossfromequitymethodinvestments": 7480000,
        "foreigncurrencytransactiongainlossbeforetax": -23657000,
        "gainslossesonsalesofinvestmentrealestate": 1263000,
        "incomelossfromcontinuingoperationsincludingportionattributabletononcontrollinginterest": 2629000,
        "incomelossfromdiscontinuedoperationsnetoftaxattributabletoreportingentity": 140000,
        "profitloss": 2629000,
        "incomelossattributabletononcontrollinginterest": 788000,
        "netincomeloss": 198143000,
        "preferredshareholdersbasedondistributionspaid": 51910000,
        "preferredshareholdersbasedonrepurchases": 13427000,
        "restrictedshareunits": 463000,
        "netincomelossavailabletocommonstockholdersbasic": 132343000,
        "incomelossfromcontinuingoperationsperbasicshare": 0.78,
        "earningspersharebasic": 0.78,
        "incomelossfromcontinuingoperationsperdilutedshare": 0.77,
        "earningspersharediluted": 0.77,
        "weightedaveragenumberofsharesoutstandingbasic": 170496000,
        "weightedaveragenumberofdilutedsharesoutstanding": 171560000,
        "othercomprehensiveincomeforeigncurrencytransactionandtranslationadjustmentbeforetaxperiodincreasedecrease": -39140000,
        "othercomprehensiveincomeforeigncurrencytransactionandtranslationgainlossarisingduringperiodnetoftax": -15483000,
        "comprehensiveincomenetoftaxincludingportionattributabletononcontrollinginterest": 183448000,
        "netincomeallocatedtocontrollingequitybaseduponincomeofconsolidatedentities": -788000,
        "comprehensiveincomenetoftax": 182660000
    },
    {
        "date": "2012-03-30",
        "symbol": "PSA",
        "period": "Q1",
        "realestaterevenuenet": 407688000,
        "othernonoperatingincome": 25775000,
        "investmentincomenet": 600000,
        "revenues": 26375000,
        "directcostsofleasedandrentedpropertyorequipment": 138974000,
        "othernonoperatingexpense": 8214000,
        "depreciationandamortization": 86238000,
        "generalandadministrativeexpense": 16405000,
        "interestexpense": 5334000,
        "totalexpenses": 29953000,
        "incomelossfromcontinuingoperationsbeforeincometaxesminorityinterestandincomelossfromequitymethodinvestments": 185450000,
        "incomelossfromequitymethodinvestments": 6842000,
        "foreigncurrencytransactiongainlossbeforetax": 12157000,
        "incomelossfromcontinuingoperationsincludingportionattributabletononcontrollinginterest": 206722000,
        "profitloss": 206722000,
        "incomelossattributabletononcontrollinginterest": 870000,
        "netincomeloss": 205852000,
        "preferredshareholdersbasedondistributionspaid": 55095000,
        "preferredshareholdersbasedonrepurchases": 24900000,
        "restrictedshareunits": 514000,
        "netincomelossavailabletocommonstockholdersbasic": 125343000,
        "incomelossfromcontinuingoperationsperbasicshare": 0.74,
        "earningspersharebasic": 0.74,
        "incomelossfromcontinuingoperationsperdilutedshare": 0.73,
        "earningspersharediluted": 0.73,
        "weightedaveragenumberofsharesoutstandingbasic": 170309000,
        "weightedaveragenumberofdilutedsharesoutstanding": 171415000,
        "othercomprehensiveincomeforeigncurrencytransactionandtranslationadjustmentbeforetaxperiodincreasedecrease": 23221000,
        "othercomprehensiveincomeforeigncurrencytransactionandtranslationgainlossarisingduringperiodnetoftax": 11064000,
        "comprehensiveincomenetoftaxincludingportionattributabletononcontrollinginterest": 217786000,
        "netincomeallocatedtocontrollingequitybaseduponincomeofconsolidatedentities": -870000,
        "comprehensiveincomenetoftax": 216916000
    },
    {
        "date": "2011-09-29",
        "symbol": "PSA",
        "period": "Q3",
        "realestaterevenuenet": 416104000,
        "othernonoperatingincome": 26421000,
        "investmentincomenet": 755000,
        "revenues": 27176000,
        "directcostsofleasedandrentedpropertyorequipment": 128976000,
        "othernonoperatingexpense": 8412000,
        "depreciationandamortization": 90276000,
        "generalandadministrativeexpense": 14116000,
        "interestexpense": 5862000,
        "totalexpenses": 28390000,
        "incomelossfromcontinuingoperationsbeforeincometaxesminorityinterestandincomelossfromequitymethodinvestments": 203308000,
        "incomelossfromequitymethodinvestments": 6702000,
        "foreigncurrencytransactiongainlossbeforetax": -28253000,
        "gainlossonrealestatesaleanddebtretirement": 4983000,
        "assetimpairmentcharges": 2186000,
        "incomelossfromcontinuingoperationsincludingportionattributabletononcontrollinginterest": 1583000,
        "incomelossfromdiscontinuedoperationsnetoftaxattributabletoreportingentity": 1392000,
        "profitloss": 2975000,
        "incomelossattributabletononcontrollinginterest": 3374000,
        "netincomeloss": 191139000,
        "preferredshareholdersbasedondistributionspaid": -56670000,
        "preferredshareholdersbasedonrepurchases": 16178000,
        "restrictedshareunits": -341000,
        "netincomelossavailabletocommonstockholdersbasic": 117950000,
        "incomelossfromcontinuingoperationsperbasicshare": 0.68,
        "incomelossfromdiscontinuedoperationsnetoftaxperbasicshare": 0.01,
        "earningspersharebasic": 0.69,
        "incomelossfromcontinuingoperationsperdilutedshare": 0.68,
        "incomelossfromdiscontinuedoperationsnetoftaxperdilutedshare": 0.01,
        "earningspersharediluted": 0.69,
        "weightedaveragenumberofsharesoutstandingbasic": 169728000,
        "weightedaveragenumberofdilutedsharesoutstanding": 170830000
    },
    {
        "date": "2011-06-29",
        "symbol": "PSA",
        "period": "Q2",
        "realestaterevenuenet": 395378000,
        "othernonoperatingincome": 25271000,
        "investmentincomenet": 393000,
        "revenues": 25664000,
        "directcostsofleasedandrentedpropertyorequipment": 129790000,
        "othernonoperatingexpense": 8245000,
        "depreciationandamortization": 88531000,
        "generalandadministrativeexpense": 12593000,
        "interestexpense": 5933000,
        "totalexpenses": 26771000,
        "incomelossfromcontinuingoperationsbeforeincometaxesminorityinterestandincomelossfromequitymethodinvestments": 187745000,
        "incomelossfromequitymethodinvestments": 6242000,
        "foreigncurrencytransactiongainlossbeforetax": 10496000,
        "gainonsaleofdispositionofrealestateinvestments": -70000,
        "incomelossfromcontinuingoperationsincludingportionattributabletononcontrollinginterest": -1177000,
        "discontinuedoperationsdiscontinuedoperations": 0,
        "profitloss": 210941000,
        "netincomeloss": 206444000,
        "preferredshareholdersbasedondistributionspaid": -58639000,
        "restrictedshareunits": -391000,
        "commonshareholders": 131515000,
        "earningspersharecontinuingoperationsbasicanddiluted": 0.7799999999999999,
        "earningspersharebasic": 0.7799999999999999,
        "incomelossfromcontinuingoperationsperdilutedshare": 0.7699999999999999,
        "earningspersharediluted": 0.7699999999999999,
        "weightedaveragenumberofsharesoutstandingbasic": 89000,
        "weightedaveragenumberofdilutedsharesoutstanding": 10000
    },
    {
        "date": "2011-03-30",
        "symbol": "PSA",
        "period": "Q1",
        "realestaterevenuenet": 385135000,
        "othernonoperatingincome": 23115000,
        "investmentincomenet": 770000,
        "revenues": 23885000,
        "directcostsofleasedandrentedpropertyorequipment": 135386000,
        "othernonoperatingexpense": 7400000,
        "depreciationandamortization": 87869000,
        "generalandadministrativeexpense": 14235000,
        "interestexpense": 6984000,
        "totalexpenses": 28619000,
        "incomelossfromcontinuingoperationsbeforeincometaxesminorityinterestandincomelossfromequitymethodinvestments": 165757000,
        "incomelossfromequitymethodinvestments": 4527000,
        "foreigncurrencytransactiongainlossbeforetax": 31252000,
        "gainonsaleofdispositionofrealestateinvestments": 198000,
        "incomelossfromcontinuingoperationsincludingportionattributabletononcontrollinginterest": -4536000,
        "discontinuedoperationsdiscontinuedoperations": -355000,
        "profitloss": 210568000,
        "netincomeallocatedtocontrollingequitybaseduponincomeofconsolidatedentities": -4460000,
        "netincomeloss": 206108000,
        "preferredshareholdersbasedondistributionspaid": -57617000,
        "equitysharesseriesbasedonredemptions": -25700000,
        "restrictedshareunits": -432000,
        "commonshareholders": 148059000,
        "earningspersharecontinuingoperationsbasicanddiluted": 0.87,
        "earningspersharebasic": 0.87,
        "incomelossfromcontinuingoperationsperdilutedshare": 0.87,
        "earningspersharediluted": 0.87,
        "weightedaveragenumberofsharesoutstandingbasic": 169315000,
        "weightedaveragenumberofdilutedsharesoutstanding": 170382000
    }
]