[
    {
        "date": "2024-09-29",
        "symbol": "VRT",
        "period": "Q3",
        "revenuefromcontractwithcustomerexcludingassessedtax": -2302600000,
        "costofgoodsandservicessold": 1774100000,
        "sellinggeneralandadministrativeexpense": 334600000,
        "amortizationofintangibleassetsexcludingcostsofsales": 45300000,
        "restructuringcharges": 6300000,
        "foreigncurrencytransactiongainlossbeforetax": -5300000,
        "otheroperatingincomeexpensenet": 6700000,
        "operatingincomeloss": 371600000,
        "interestexpense": 35900000,
        "fairvalueadjustmentofwarrants": 67200000,
        "incomelossfromcontinuingoperationsbeforeincometaxesextraordinaryitemsnoncontrollinginterest": -381700000,
        "incometaxexpensebenefit": 91900000,
        "netincomeloss": 176600000,
        "earningspersharebasic": 0.4700000000000001,
        "earningspersharediluted": 0.46,
        "weightedaveragenumberofsharesoutstandingbasic": 376353335,
        "weightedaveragenumberofdilutedsharesoutstanding": 386106229,
        "othercomprehensiveincomeforeigncurrencytransactionandtranslationadjustmentnetoftaxportionattributabletoparent": 124900000,
        "othercomprehensiveincomelosscashflowhedgegainlossafterreclassificationandtaxparent": -11500000,
        "othercomprehensiveincomelossnetoftaxportionattributabletoparent": 52500000,
        "comprehensiveincomenetoftax": 274800000
    },
    {
        "date": "2024-06-29",
        "symbol": "VRT",
        "period": "Q2",
        "revenuefromcontractwithcustomerexcludingassessedtax": 1555200000,
        "costofgoodsandservicessold": 981000000,
        "sellinggeneralandadministrativeexpense": 363800000,
        "amortizationofintangibleassetsexcludingcostsofsales": 45800000,
        "restructuringcharges": -2500000,
        "foreigncurrencytransactiongainlossbeforetax": -200000,
        "otheroperatingincomeexpensenet": 2100000,
        "operatingincomeloss": 336000000,
        "interestexpense": 44800000,
        "gainslossesonextinguishmentofdebt": -1100000,
        "fairvalueadjustmentofwarrants": 25400000,
        "incomelossfromcontinuingoperationsbeforeincometaxesextraordinaryitemsnoncontrollinginterest": 264700000,
        "incometaxexpensebenefit": 86600000,
        "netincomeloss": 178100000,
        "earningspersharebasic": 0.48,
        "earningspersharediluted": 0.46,
        "weightedaveragenumberofsharesoutstandingbasic": 374734093,
        "weightedaveragenumberofdilutedsharesoutstanding": 384488069,
        "othercomprehensiveincomeforeigncurrencytransactionandtranslationadjustmentnetoftaxportionattributabletoparent": -16900000,
        "othercomprehensiveincomelosscashflowhedgegainlossafterreclassificationandtaxparent": -2900000,
        "othercomprehensiveincomedefinedbenefitplansadjustmentnetoftaxportionattributabletoparent": 100000,
        "othercomprehensiveincomelossnetoftaxportionattributabletoparent": -26300000,
        "comprehensiveincomenetoftax": 151800000
    },
    {
        "date": "2024-03-30",
        "symbol": "VRT",
        "period": "Q1",
        "revenuefromcontractwithcustomerexcludingassessedtax": 1270300000,
        "costofgoodsandservicessold": 846300000,
        "sellinggeneralandadministrativeexpense": 314000000,
        "amortizationofintangibleassetsexcludingcostsofsales": 46000000,
        "restructuringcharges": 300000,
        "foreigncurrencytransactiongainlossbeforetax": -3200000,
        "otheroperatingincomeexpensenet": -300000,
        "operatingincomeloss": 202600000,
        "interestexpense": 39000000,
        "fairvalueadjustmentofwarrants": 176600000,
        "incomelossfromcontinuingoperationsbeforeincometaxesextraordinaryitemsnoncontrollinginterest": -13000000,
        "incometaxexpensebenefit": -7100000,
        "netincomeloss": -5900000,
        "earningspersharebasic": -0.02,
        "earningspersharediluted": -0.02,
        "weightedaveragenumberofsharesoutstandingbasic": 379135184,
        "weightedaveragenumberofdilutedsharesoutstanding": 379135184,
        "othercomprehensiveincomeforeigncurrencytransactionandtranslationadjustmentnetoftaxportionattributabletoparent": -43200000,
        "othercomprehensiveincomelosscashflowhedgegainlossafterreclassificationandtaxparent": 6300000,
        "othercomprehensiveincomelossnetoftaxportionattributabletoparent": -34300000,
        "comprehensiveincomenetoftax": -40200000
    },
    {
        "date": "2023-12-30",
        "symbol": "VRT",
        "period": "Q4",
        "revenuefromcontractwithcustomerexcludingassessedtax": 1477900000,
        "costofgoodsandservicessold": 949100000.0000001,
        "sellinggeneralandadministrativeexpense": 348800000,
        "amortizationofintangibleassetsexcludingcostsofsales": 45200000,
        "restructuringcharges": 5100000,
        "foreigncurrencytransactiongainlossbeforetax": -2700000,
        "operatingincomeloss": 285200000,
        "interestexpense": 42900000,
        "fairvalueadjustmentofwarrants": 54500000,
        "incomelossfromcontinuingoperationsbeforeincometaxesextraordinaryitemsnoncontrollinginterest": 187300000,
        "incometaxexpensebenefit": -45300000,
        "netincomeloss": 232600000,
        "earningspersharebasic": 0.61,
        "earningspersharediluted": 0.6,
        "weightedaveragenumberofsharesoutstandingbasic": 380144059,
        "weightedaveragenumberofdilutedsharesoutstanding": 386226267,
        "othercomprehensiveincomeforeigncurrencytransactionandtranslationadjustmentnetoftaxportionattributabletoparent": 90700000,
        "othercomprehensiveincomelosscashflowhedgegainlossafterreclassificationandtaxparent": -23300000,
        "othercomprehensiveincomedefinedbenefitplansadjustmentnetoftaxportionattributabletoparent": 2500000,
        "othercomprehensiveincomelossnetoftaxportionattributabletoparent": 64900000,
        "comprehensiveincomenetoftax": 297500000
    },
    {
        "date": "2023-09-29",
        "symbol": "VRT",
        "period": "Q3",
        "revenuefromcontractwithcustomerexcludingassessedtax": 3840300000,
        "costofgoodsandservicessold": 460900000.0000001,
        "sellinggeneralandadministrativeexpense": 327200000,
        "amortizationofintangibleassetsexcludingcostsofsales": 45500000,
        "restructuringcharges": 20700000,
        "foreigncurrencytransactiongainlossbeforetax": -2700000,
        "otheroperatingincomeexpensenet": 0,
        "operatingincomeloss": 250900000,
        "interestexpense": 43500000,
        "fairvalueadjustmentofwarrants": 60900000,
        "incomelossfromcontinuingoperationsbeforeincometaxesextraordinaryitemsnoncontrollinginterest": 617300000,
        "incometaxexpensebenefit": 51700000,
        "netincomeloss": 94100000,
        "earningspersharebasic": 0.25,
        "earningspersharediluted": 0.25,
        "weightedaveragenumberofsharesoutstandingbasic": -378402149,
        "weightedaveragenumberofdilutedsharesoutstanding": -380202453,
        "othercomprehensiveincomeforeigncurrencytransactionandtranslationadjustmentnetoftaxportionattributabletoparent": -63500000,
        "othercomprehensiveincomelosscashflowhedgegainlossafterreclassificationandtaxparent": 4100000,
        "othercomprehensiveincomedefinedbenefitplansadjustmentnetoftaxportionattributabletoparent": 200000,
        "othercomprehensiveincomelossnetoftaxportionattributabletoparent": -22900000,
        "comprehensiveincomenetoftax": 34500000
    },
    {
        "date": "2023-06-29",
        "symbol": "VRT",
        "period": "Q2",
        "revenuefromcontractwithcustomerexcludingassessedtax": 61000000,
        "costofgoodsandservicessold": 1140100000,
        "sellinggeneralandadministrativeexpense": 327600000,
        "amortizationofintangibleassetsexcludingcostsofsales": 45400000,
        "restructuringcharges": 2700000,
        "foreigncurrencytransactiongainlossbeforetax": -7500000,
        "otheroperatingincomeexpensenet": 1400000,
        "operatingincomeloss": 205800000,
        "interestexpense": 46900000,
        "fairvalueadjustmentofwarrants": 46000000,
        "incomelossfromcontinuingoperationsbeforeincometaxesextraordinaryitemsnoncontrollinginterest": -151800000,
        "incometaxexpensebenefit": 29700000,
        "netincomeloss": 83200000,
        "earningspersharebasic": 0.22,
        "earningspersharediluted": 0.22,
        "weightedaveragenumberofsharesoutstandingbasic": 379938365,
        "weightedaveragenumberofdilutedsharesoutstanding": 382351210,
        "othercomprehensiveincomeforeigncurrencytransactionandtranslationadjustmentnetoftaxportionattributabletoparent": -1400000,
        "othercomprehensiveincomelosscashflowhedgegainlossafterreclassificationandtaxparent": 10600000,
        "othercomprehensiveincomedefinedbenefitplansadjustmentnetoftaxportionattributabletoparent": 100000,
        "othercomprehensiveincomelossnetoftaxportionattributabletoparent": -100000,
        "comprehensiveincomenetoftax": 92300000
    },
    {
        "date": "2023-03-30",
        "symbol": "VRT",
        "period": "Q1",
        "revenuefromcontractwithcustomerexcludingassessedtax": 26900000,
        "costofgoodsandservicessold": 1025599999.9999999,
        "sellinggeneralandadministrativeexpense": 308700000,
        "amortizationofintangibleassetsexcludingcostsofsales": 45200000,
        "restructuringcharges": 100000,
        "foreigncurrencytransactiongainlossbeforetax": -3100000,
        "otheroperatingincomeexpensenet": 4900000,
        "operatingincomeloss": 130300000.00000001,
        "interestexpense": 46800000,
        "fairvalueadjustmentofwarrants": -3500000,
        "incomelossfromcontinuingoperationsbeforeincometaxesextraordinaryitemsnoncontrollinginterest": -119100000,
        "incometaxexpensebenefit": 37400000,
        "netincomeloss": 50300000,
        "earningspersharebasic": 0.13,
        "earningspersharediluted": 0.12,
        "weightedaveragenumberofsharesoutstandingbasic": 378129786,
        "weightedaveragenumberofdilutedsharesoutstanding": 381683511,
        "othercomprehensiveincomeforeigncurrencytransactionandtranslationadjustmentnetoftaxportionattributabletoparent": 41400000,
        "othercomprehensiveincomelosscashflowhedgegainlossafterreclassificationandtaxparent": -13900000,
        "othercomprehensiveincomedefinedbenefitplansadjustmentnetoftaxportionattributabletoparent": 200000,
        "othercomprehensiveincomelossnetoftaxportionattributabletoparent": -200000,
        "comprehensiveincomenetoftax": 77600000
    },
    {
        "date": "2022-09-29",
        "symbol": "VRT",
        "period": "Q3",
        "revenuefromcontractwithcustomerexcludingassessedtax": 1135400000,
        "costofgoodsandservicessold": 838500000,
        "sellinggeneralandadministrativeexpense": 295200000,
        "amortizationofintangibleassetsexcludingcostsofsales": 54200000,
        "restructuringcharges": -1500000,
        "foreigncurrencytransactiongainlossbeforetax": -200000,
        "otheroperatingincomeexpensenet": -1200000,
        "operatingincomeloss": 80000000,
        "interestexpense": 38800000,
        "fairvalueadjustmentofwarrants": 9800000,
        "incomelossfromcontinuingoperationsbeforeincometaxesextraordinaryitemsnoncontrollinginterest": 31400000,
        "incometaxexpensebenefit": 10200000,
        "netincomeloss": 21200000,
        "earningspersharebasic": 0.06,
        "earningspersharediluted": 0.06,
        "weightedaveragenumberofsharesoutstandingbasic": 377016981,
        "weightedaveragenumberofdilutedsharesoutstanding": 377444002,
        "othercomprehensiveincomeforeigncurrencytransactionandtranslationadjustmentnetoftaxportionattributabletoparent": -146100000,
        "othercomprehensiveincomelosscashflowhedgegainlossafterreclassificationandtaxparent": 30900000,
        "othercomprehensiveincomedefinedbenefitplansadjustmentnetoftaxportionattributabletoparent": -100000,
        "othercomprehensiveincomelossnetoftaxportionattributabletoparent": -115100000,
        "comprehensiveincomenetoftax": -93900000
    },
    {
        "date": "2022-03-30",
        "symbol": "VRT",
        "period": "Q1",
        "revenuefromcontractwithcustomerexcludingassessedtax": 849400000,
        "costofgoodsandservicessold": 655800000,
        "sellinggeneralandadministrativeexpense": 292200000,
        "amortizationofintangibleassetsexcludingcostsofsales": 57700000,
        "restructuringcharges": 800000,
        "foreigncurrencytransactiongainlossbeforetax": 1300000,
        "otheroperatingincomeexpensenet": 600000,
        "operatingincomeloss": -45200000,
        "interestexpense": 29300000,
        "fairvalueadjustmentofwarrants": -94900000,
        "incomelossfromcontinuingoperationsbeforeincometaxesextraordinaryitemsnoncontrollinginterest": 20400000,
        "incometaxexpensebenefit": 11900000,
        "netincomeloss": 8500000,
        "earningspersharebasic": 0.02,
        "earningspersharediluted": -0.23,
        "weightedaveragenumberofsharesoutstandingbasic": 375972294,
        "weightedaveragenumberofdilutedsharesoutstanding": 379692729,
        "othercomprehensiveincomeforeigncurrencytransactionandtranslationadjustmentnetoftaxportionattributabletoparent": -36300000,
        "othercomprehensiveincomelosscashflowhedgegainlossafterreclassificationandtaxparent": 54200000,
        "othercomprehensiveincomedefinedbenefitplansadjustmentnetoftaxportionattributabletoparent": -100000,
        "othercomprehensiveincomelossnetoftaxportionattributabletoparent": 18000000,
        "comprehensiveincomenetoftax": 26500000
    },
    {
        "date": "2021-09-29",
        "symbol": "VRT",
        "period": "Q3",
        "revenuefromcontractwithcustomerexcludingassessedtax": 926000000,
        "costofgoodsandservicessold": 678400000,
        "sellinggeneralandadministrativeexpense": 257800000,
        "amortizationofintangibleassetsexcludingcostsofsales": 31600000,
        "restructuringcharges": -3800000,
        "foreigncurrencytransactiongainlossbeforetax": -4900000,
        "otheroperatingincomeexpensenet": -700000,
        "operatingincomeloss": 81800000,
        "interestexpense": 22400000,
        "fairvalueadjustmentofwarrants": -32500000,
        "incomelossfromcontinuingoperationsbeforeincometaxesextraordinaryitemsnoncontrollinginterest": 91900000,
        "incometaxexpensebenefit": 35700000,
        "netincomeloss": 56200000,
        "earningspersharebasic": 0.16,
        "earningspersharediluted": 0.15000000000000002,
        "weightedaveragenumberofsharesoutstandingbasic": 530483,
        "weightedaveragenumberofdilutedsharesoutstanding": 1090759,
        "othercomprehensiveincomeforeigncurrencytransactionandtranslationadjustmentnetoftaxportionattributabletoparent": -28000000,
        "othercomprehensiveincomelosscashflowhedgegainlossafterreclassificationandtaxparent": 2700000,
        "othercomprehensiveincomelossfinancialliabilityfairvalueoptionbeforetaxafterreclassificationadjustmentattributabletoparent": 2200000,
        "othercomprehensiveincomedefinedbenefitplansadjustmentnetoftaxportionattributabletoparent": -100000,
        "comprehensiveincomenetoftax": 33200000
    },
    {
        "date": "2021-06-29",
        "symbol": "VRT",
        "period": "Q2",
        "revenuefromcontractwithcustomerexcludingassessedtax": 976500000,
        "costofgoodsandservicessold": 686200000,
        "sellinggeneralandadministrativeexpense": 271700000,
        "amortizationofintangibleassetsexcludingcostsofsales": 31900000,
        "restructuringcharges": 1100000,
        "foreigncurrencytransactiongainlossbeforetax": -4100000,
        "otheroperatingincomeexpensenet": 1700000,
        "operatingincomeloss": 102200000,
        "interestexpense": 20000000,
        "gainslossesonextinguishmentofdebt": 0,
        "fairvalueadjustmentofwarrants": 71200000,
        "incomelossfromcontinuingoperationsbeforeincometaxesextraordinaryitemsnoncontrollinginterest": 11000000,
        "incometaxexpensebenefit": 1300000,
        "netincomeloss": 9700000,
        "earningspersharebasic": 0.03,
        "earningspersharediluted": 0.03,
        "weightedaveragenumberofsharesoutstandingbasic": 1304911,
        "weightedaveragenumberofdilutedsharesoutstanding": 1435284,
        "othercomprehensiveincomeforeigncurrencytransactionandtranslationadjustmentnetoftaxportionattributabletoparent": 20200000,
        "othercomprehensiveincomelosscashflowhedgegainlossafterreclassificationandtaxparent": -8600000,
        "othercomprehensiveincomelossfinancialliabilityfairvalueoptionbeforetaxafterreclassificationadjustmentattributabletoparent": -9400000,
        "othercomprehensiveincomedefinedbenefitplansadjustmentnetoftaxportionattributabletoparent": -200000,
        "comprehensiveincomenetoftax": 12100000
    },
    {
        "date": "2021-03-30",
        "symbol": "VRT",
        "period": "Q1",
        "revenuefromcontractwithcustomerexcludingassessedtax": 844000000,
        "costofgoodsandservicessold": 593400000,
        "sellinggeneralandadministrativeexpense": 250100000,
        "amortizationofintangibleassetsexcludingcostsofsales": 31800000,
        "restructuringcharges": 2000000,
        "foreigncurrencytransactiongainlossbeforetax": 6900000,
        "otheroperatingincomeexpensenet": -1200000,
        "operatingincomeloss": 79800000,
        "interestexpense": 24100000,
        "gainslossesonextinguishmentofdebt": -400000,
        "fairvalueadjustmentofwarrants": 13600000,
        "incomelossfromcontinuingoperationsbeforeincometaxesextraordinaryitemsnoncontrollinginterest": 41700000,
        "incometaxexpensebenefit": 10000000,
        "netincomeloss": 31700000,
        "earningspersharebasic": 0.09,
        "earningspersharediluted": 0.09,
        "weightedaveragenumberofsharesoutstandingbasic": 349603701,
        "weightedaveragenumberofdilutedsharesoutstanding": 353448585,
        "othercomprehensiveincomeforeigncurrencytransactionandtranslationadjustmentnetoftaxportionattributabletoparent": -36100000,
        "othercomprehensiveincomelosscashflowhedgegainlossafterreclassificationandtaxparent": 33900000,
        "othercomprehensiveincomelossfinancialliabilityfairvalueoptionbeforetaxafterreclassificationadjustmentattributabletoparent": 4100000,
        "othercomprehensiveincomedefinedbenefitplansadjustmentnetoftaxportionattributabletoparent": 800000,
        "comprehensiveincomenetoftax": 32800000
    },
    {
        "date": "2020-09-29",
        "symbol": "VRT",
        "period": "Q3",
        "revenuefromcontractwithcustomerexcludingassessedtax": 891100000,
        "costofgoodsandservicessold": 596800000,
        "sellinggeneralandadministrativeexpense": 251700000,
        "othergeneralexpense": 126200000,
        "interestexpense": 26300000,
        "incomelossfromcontinuingoperationsbeforeincometaxesextraordinaryitemsnoncontrollinginterest": 8700000,
        "incometaxexpensebenefit": 24500000,
        "netincomeloss": -15800000,
        "othercomprehensiveincomeforeigncurrencytransactionandtranslationadjustmentnetoftaxportionattributabletoparent": 46100000,
        "othercomprehensiveincomelosscashflowhedgegainlossafterreclassificationandtaxparent": -2300000,
        "othercomprehensiveincomelossfinancialliabilityfairvalueoptionbeforetaxafterreclassificationadjustmentattributabletoparent": -11100000,
        "comprehensiveincomenetoftax": 16900000
    },
    {
        "date": "2020-06-29",
        "symbol": "VRT",
        "period": "Q2",
        "revenuefromcontractwithcustomerexcludingassessedtax": 750200000,
        "costofgoodsandservicessold": 515300000,
        "sellinggeneralandadministrativeexpense": 226400000,
        "gainslossesonextinguishmentofdebt": 0,
        "othergeneralexpense": 49400000,
        "interestexpense": 30200000,
        "incomelossfromcontinuingoperationsbeforeincometaxesextraordinaryitemsnoncontrollinginterest": 40400000,
        "incometaxexpensebenefit": 14200000,
        "netincomeloss": 26200000,
        "othercomprehensiveincomeforeigncurrencytransactionandtranslationadjustmentnetoftaxportionattributabletoparent": 11900000,
        "othercomprehensiveincomelosscashflowhedgegainlossafterreclassificationandtaxparent": -11500000,
        "othercomprehensiveincomelossfinancialliabilityfairvalueoptionbeforetaxafterreclassificationadjustmentattributabletoparent": -9700000,
        "othercomprehensiveincomedefinedbenefitplansadjustmentnetoftaxportionattributabletoparent": 0,
        "comprehensiveincomenetoftax": 16900000
    },
    {
        "date": "2020-03-30",
        "symbol": "VRT",
        "period": "Q1",
        "revenuefromcontractwithcustomerexcludingassessedtax": 647200000,
        "costofgoodsandservicessold": 463200000,
        "sellinggeneralandadministrativeexpense": 264800000,
        "gainslossesonextinguishmentofdebt": -174000000,
        "othergeneralexpense": 34400000,
        "interestexpense": 68900000,
        "incomelossfromcontinuingoperationsbeforeincometaxesextraordinaryitemsnoncontrollinginterest": -255100000,
        "incometaxexpensebenefit": 13800000,
        "netincomeloss": -268900000,
        "earningspersharebasicanddiluted": -1.12,
        "weightedaveragenumberofshareoutstandingbasicanddiluted": 240656864,
        "othercomprehensiveincomeforeigncurrencytransactionandtranslationadjustmentnetoftaxportionattributabletoparent": -54300000,
        "othercomprehensiveincomelosscashflowhedgegainlossafterreclassificationandtaxparent": -24000000,
        "othercomprehensiveincomelossfinancialliabilityfairvalueoptionbeforetaxafterreclassificationadjustmentattributabletoparent": 25900000,
        "othercomprehensiveincomedefinedbenefitplansadjustmentnetoftaxportionattributabletoparent": 200000,
        "comprehensiveincomenetoftax": -321500000
    },
    {
        "date": "2019-12-30",
        "symbol": "VRT",
        "period": "Q4",
        "investmentincomedividend": 2934235,
        "generalandadministrativeexpense": 6009726,
        "incomelossfromcontinuingoperationsbeforeincometaxesextraordinaryitemsnoncontrollinginterest": -3075491,
        "incometaxexpensebenefit": 100826,
        "netincomeloss": -3176317,
        "weightedaveragenumberofshareoutstandingbasicanddiluted": -86250000,
        "earningspersharebasicanddiluted": -0.029999999999999995
    },
    {
        "date": "2019-09-29",
        "symbol": "VRT",
        "period": "Q3",
        "investmentincomedividend": 3539155,
        "generalandadministrativeexpense": 850575,
        "incomelossfromcontinuingoperationsbeforeincometaxesextraordinaryitemsnoncontrollinginterest": 2688580,
        "incometaxexpensebenefit": 564601,
        "netincomeloss": 2123979,
        "weightedaveragenumberofshareoutstandingbasicanddiluted": 17250000,
        "earningspersharebasicanddiluted": 0.02
    },
    {
        "date": "2019-06-29",
        "symbol": "VRT",
        "period": "Q2",
        "investmentincomedividend": 3912187,
        "generalandadministrativeexpense": 433713,
        "incomelossfromcontinuingoperationsbeforeincometaxesextraordinaryitemsnoncontrollinginterest": 3478474,
        "incometaxexpensebenefit": 730919,
        "netincomeloss": 2747555,
        "weightedaveragenumberofshareoutstandingbasicanddiluted": 17250000,
        "earningspersharebasicanddiluted": 0.03
    },
    {
        "date": "2019-03-30",
        "symbol": "VRT",
        "period": "Q1",
        "investmentincomedividend": 3860055,
        "generalandadministrativeexpense": 448988,
        "incomelossfromcontinuingoperationsbeforeincometaxesextraordinaryitemsnoncontrollinginterest": 3411067,
        "incometaxexpensebenefit": 716488,
        "netincomeloss": 2694579,
        "weightedaveragenumberofshareoutstandingbasicanddiluted": 69000000,
        "earningspersharebasicanddiluted": 0.03
    },
    {
        "date": "2018-09-29",
        "symbol": "VRT",
        "period": "Q3",
        "investmentincomedividend": 3155923,
        "generalandadministrativeexpense": 252407,
        "incomelossfromcontinuingoperationsbeforeincometaxesextraordinaryitemsnoncontrollinginterest": 2903516,
        "incometaxexpensebenefit": 607423,
        "netincomeloss": 2296093,
        "weightedaveragenumberofshareoutstandingbasicanddiluted": 69000000,
        "earningspersharebasicanddiluted": 0.03
    },
    {
        "date": "2018-06-29",
        "symbol": "VRT",
        "period": "Q2",
        "investmentincomedividend": 613686,
        "generalandadministrativeexpense": 122900,
        "incomelossfromcontinuingoperationsbeforeincometaxesextraordinaryitemsnoncontrollinginterest": 490786,
        "incometaxexpensebenefit": 104404,
        "netincomeloss": 386382,
        "weightedaveragenumberofshareoutstandingbasicanddiluted": 69000000
    }
]