[
    {
        "date": "2024-09-29",
        "symbol": "BDX",
        "period": "Q4",
        "revenues": 5437000000,
        "costofgoodsandservicessold": 2950000000,
        "sellinggeneralandadministrativeexpense": -2899000000,
        "researchanddevelopmentexpense": 302000000,
        "otheroperatingincomeexpensenet": -136000000,
        "costsandexpenses": 4814000000,
        "operatingincomeloss": 622000000,
        "investmentincomeinterest": 55000000,
        "othernonoperatingincomeexpense": -9000000,
        "incomelossfromcontinuingoperationsbeforeincometaxesextraordinaryitemsnoncontrollinginterest": 514000000,
        "incometaxexpensebenefit": 114000000,
        "netincomeloss": 400000000,
        "netincomelossavailabletocommonstockholdersbasic": 400000000,
        "earningspersharebasic": 1.3800000000000001,
        "earningspersharediluted": 1.3699999999999997,
        "othercomprehensiveincomelossforeigncurrencytransactionandtranslationadjustmentnetoftax": 63000000,
        "othercomprehensiveincomelosspensionandotherpostretirementbenefitplansadjustmentnetoftax": 21000000,
        "othercomprehensiveincomelosscashflowhedgegainlossafterreclassificationandtaxparent": -20000000,
        "othercomprehensiveincomelossnetoftax": -152000000,
        "comprehensiveincomenetoftax": 247000000
    },
    {
        "date": "2024-06-29",
        "symbol": "BDX",
        "period": "Q3",
        "revenues": 4990000000,
        "costofgoodsandservicessold": 2683000000,
        "sellinggeneralandadministrativeexpense": 1195000000,
        "researchanddevelopmentexpense": 299000000,
        "otheroperatingincomeexpensenet": -98000000,
        "costsandexpenses": 4388000000,
        "operatingincomeloss": 602000000,
        "investmentincomeinterest": 48000000,
        "othernonoperatingincomeexpense": -13000000,
        "incomelossfromcontinuingoperationsbeforeincometaxesextraordinaryitemsnoncontrollinginterest": 499000000,
        "incometaxexpensebenefit": 13000000,
        "netincomeloss": 487000000,
        "netincomelossavailabletocommonstockholdersbasic": 487000000,
        "earningspersharebasic": 1.68,
        "earningspersharediluted": 1.6800000000000002,
        "commonstockdividendspersharedeclared": 0.9500000000000002,
        "othercomprehensiveincomelossforeigncurrencytransactionandtranslationadjustmentnetoftax": -53000000,
        "othercomprehensiveincomelosspensionandotherpostretirementbenefitplansadjustmentnetoftax": -11000000,
        "othercomprehensiveincomelosscashflowhedgegainlossafterreclassificationandtaxparent": -2000000,
        "othercomprehensiveincomelossnetoftax": -44000000,
        "comprehensiveincomenetoftax": 444000000
    },
    {
        "date": "2024-03-30",
        "symbol": "BDX",
        "period": "Q2",
        "revenues": 5045000000,
        "costofgoodsandservicessold": 2741000000,
        "sellinggeneralandadministrativeexpense": 1193000000,
        "researchanddevelopmentexpense": 299000000,
        "acquisitionrelatedcostsandrestructuringcharges": 101000000,
        "otheroperatingincomeexpensenet": 23000000,
        "costsandexpenses": 4311000000,
        "operatingincomeloss": 734000000,
        "interestexpense": 125000000,
        "investmentincomeinterest": 26000000,
        "othernonoperatingincomeexpense": -2000000,
        "incomelossfromcontinuingoperationsbeforeincometaxesextraordinaryitemsnoncontrollinginterest": 633000000,
        "incometaxexpensebenefit": 96000000,
        "netincomeloss": 537000000,
        "netincomelossavailabletocommonstockholdersbasic": 537000000,
        "earningspersharebasic": 1.85,
        "earningspersharediluted": 1.85,
        "commonstockdividendspersharedeclared": 0.95,
        "othercomprehensiveincomelossforeigncurrencytransactionandtranslationadjustmentnetoftax": -41000000,
        "othercomprehensiveincomelosspensionandotherpostretirementbenefitplansadjustmentnetoftax": -12000000,
        "othercomprehensiveincomelosscashflowhedgegainlossafterreclassificationandtaxparent": 8000000,
        "othercomprehensiveincomeunrealizedholdinggainlossonsecuritiesarisingduringperiodnetoftax": -1000000,
        "othercomprehensiveincomelossnetoftax": -21000000,
        "comprehensiveincomenetoftax": 516000000
    },
    {
        "date": "2023-12-30",
        "symbol": "BDX",
        "period": "Q1",
        "revenues": 4706000000,
        "costofgoodsandservicessold": 2679000000,
        "sellinggeneralandadministrativeexpense": 1213000000,
        "researchanddevelopmentexpense": 290000000,
        "acquisitionrelatedcostsandrestructuringcharges": 75000000,
        "otheroperatingincomeexpensenet": -11000000,
        "costsandexpenses": 4267000000,
        "operatingincomeloss": 439000000,
        "interestexpense": 111000000,
        "investmentincomeinterest": 34000000,
        "othernonoperatingincomeexpense": -4000000,
        "incomelossfromcontinuingoperationsbeforeincometaxesextraordinaryitemsnoncontrollinginterest": 359000000,
        "incometaxexpensebenefit": 77000000,
        "netincomeloss": 281000000,
        "netincomelossavailabletocommonstockholdersbasic": 281000000,
        "earningspersharebasic": 0.97,
        "earningspersharediluted": 0.96,
        "commonstockdividendspersharedeclared": 0.95,
        "othercomprehensiveincomelossforeigncurrencytransactionandtranslationadjustmentnetoftax": 40000000,
        "othercomprehensiveincomelosspensionandotherpostretirementbenefitplansadjustmentnetoftax": -12000000,
        "othercomprehensiveincomelosscashflowhedgegainlossafterreclassificationandtaxparent": -18000000,
        "othercomprehensiveincomelossnetoftax": 33000000,
        "comprehensiveincomenetoftax": 314000000
    },
    {
        "date": "2023-09-29",
        "symbol": "BDX",
        "period": "Q4",
        "revenues": 5087000000,
        "costofgoodsandservicessold": 3385000000,
        "sellinggeneralandadministrativeexpense": 1137000000,
        "researchanddevelopmentexpense": 281000000,
        "acquisitionrelatedcostsandrestructuringcharges": 137000000,
        "otheroperatingincomeexpensenet": 204000000,
        "costsandexpenses": 4738000000,
        "operatingincomeloss": 349000000,
        "interestexpense": 113000000,
        "investmentincomeinterest": 9000000,
        "othernonoperatingincomeexpense": -63000000,
        "incomelossfromcontinuingoperationsbeforeincometaxesextraordinaryitemsnoncontrollinginterest": 181000000,
        "incometaxexpensebenefit": 28000000,
        "incomelossfromcontinuingoperations": 154000000,
        "netincomeloss": 108000000,
        "preferredstockdividendsincomestatementimpact": -1000000,
        "netincomelossavailabletocommonstockholdersbasic": 108000000,
        "incomelossfromcontinuingoperationsperbasicshare": 0.5199999999999996,
        "earningspersharebasic": 0.34999999999999964,
        "incomelossfromcontinuingoperationsperdilutedshare": 0.5099999999999991,
        "earningspersharediluted": 0.34999999999999987,
        "othercomprehensiveincomelossforeigncurrencytransactionandtranslationadjustmentnetoftax": -34000000,
        "othercomprehensiveincomelosspensionandotherpostretirementbenefitplansadjustmentnetoftax": 29000000,
        "othercomprehensiveincomelosscashflowhedgegainlossafterreclassificationandtaxparent": 24000000,
        "othercomprehensiveincomelossnetoftax": -40000000,
        "comprehensiveincomenetoftax": 67000000
    },
    {
        "date": "2023-06-29",
        "symbol": "BDX",
        "period": "Q3",
        "revenues": 4878000000,
        "costofgoodsandservicessold": 2778000000,
        "sellinggeneralandadministrativeexpense": 1190000000,
        "researchanddevelopmentexpense": 306000000,
        "acquisitionrelatedcostsandrestructuringcharges": 70000000,
        "otheroperatingincomeexpensenet": 13000000,
        "costsandexpenses": 4329000000,
        "operatingincomeloss": 549000000,
        "interestexpense": 119000000,
        "investmentincomeinterest": 24000000,
        "othernonoperatingincomeexpense": 17000000,
        "incomelossfromcontinuingoperationsbeforeincometaxesextraordinaryitemsnoncontrollinginterest": 471000000,
        "incometaxexpensebenefit": 64000000,
        "incomelossfromcontinuingoperations": 407000000,
        "netincomeloss": 407000000,
        "preferredstockdividendsincomestatementimpact": 15000000,
        "netincomelossavailabletocommonstockholdersbasic": 392000000,
        "incomelossfromcontinuingoperationsperbasicshare": 1.37,
        "earningspersharebasic": 1.37,
        "incomelossfromcontinuingoperationsperdilutedshare": 1.36,
        "earningspersharediluted": 1.36,
        "commonstockdividendspersharedeclared": 0.91,
        "othercomprehensiveincomelossforeigncurrencytransactionandtranslationadjustmentnetoftax": 44000000,
        "othercomprehensiveincomelosspensionandotherpostretirementbenefitplansadjustmentnetoftax": -11000000,
        "othercomprehensiveincomelosscashflowhedgegainlossafterreclassificationandtaxparent": 12000000,
        "othercomprehensiveincomelossnetoftax": 68000000,
        "comprehensiveincomenetoftax": 475000000
    },
    {
        "date": "2023-03-30",
        "symbol": "BDX",
        "period": "Q2",
        "revenues": 4821000000,
        "costofgoodsandservicessold": 2586000000,
        "sellinggeneralandadministrativeexpense": 1205000000,
        "researchanddevelopmentexpense": 337000000,
        "acquisitionrelatedcostsandrestructuringcharges": 62000000,
        "otheroperatingincomeexpensenet": -4000000,
        "costsandexpenses": 4193000000,
        "operatingincomeloss": 628000000,
        "interestexpense": 118000000,
        "investmentincomeinterest": 10000000,
        "othernonoperatingincomeexpense": 8000000,
        "incomelossfromcontinuingoperationsbeforeincometaxesextraordinaryitemsnoncontrollinginterest": 529000000,
        "incometaxexpensebenefit": 68000000,
        "incomelossfromcontinuingoperations": 460000000,
        "netincomeloss": 460000000,
        "preferredstockdividendsincomestatementimpact": 23000000,
        "netincomelossavailabletocommonstockholdersbasic": 438000000,
        "incomelossfromcontinuingoperationsperbasicshare": 1.54,
        "earningspersharebasic": 1.54,
        "incomelossfromcontinuingoperationsperdilutedshare": 1.53,
        "earningspersharediluted": 1.53,
        "commonstockdividendspersharedeclared": 0.91,
        "othercomprehensiveincomelossforeigncurrencytransactionandtranslationadjustmentnetoftax": -21000000,
        "othercomprehensiveincomelosspensionandotherpostretirementbenefitplansadjustmentnetoftax": -11000000,
        "othercomprehensiveincomelosscashflowhedgegainlossafterreclassificationandtaxparent": -6000000,
        "othercomprehensiveincomelossnetoftax": -16000000,
        "comprehensiveincomenetoftax": 445000000
    },
    {
        "date": "2022-12-30",
        "symbol": "BDX",
        "period": "Q1",
        "revenues": 4586000000,
        "costofgoodsandservicessold": 2453000000,
        "sellinggeneralandadministrativeexpense": 1187000000,
        "researchanddevelopmentexpense": 313000000,
        "acquisitionrelatedcostsandrestructuringcharges": 44000000,
        "otheroperatingincomeexpensenet": -3000000,
        "costsandexpenses": 4001000000,
        "operatingincomeloss": 585000000,
        "interestexpense": 102000000,
        "investmentincomeinterest": 6000000,
        "othernonoperatingincomeexpense": -8000000,
        "incomelossfromcontinuingoperationsbeforeincometaxesextraordinaryitemsnoncontrollinginterest": 481000000,
        "incometaxexpensebenefit": -28000000,
        "incomelossfromcontinuingoperations": 509000000,
        "netincomeloss": 509000000,
        "preferredstockdividendsincomestatementimpact": 23000000,
        "netincomelossavailabletocommonstockholdersbasic": 486000000,
        "incomelossfromcontinuingoperationsperbasicshare": 1.71,
        "earningspersharebasic": 1.71,
        "incomelossfromcontinuingoperationsperdilutedshare": 1.7,
        "earningspersharediluted": 1.7,
        "commonstockdividendspersharedeclared": 0.91,
        "othercomprehensiveincomelossforeigncurrencytransactionandtranslationadjustmentnetoftax": -80000000,
        "othercomprehensiveincomelosspensionandotherpostretirementbenefitplansadjustmentnetoftax": -11000000,
        "othercomprehensiveincomelosscashflowhedgegainlossafterreclassificationandtaxparent": -3000000,
        "othercomprehensiveincomelossnetoftax": -72000000,
        "comprehensiveincomenetoftax": 437000000
    },
    {
        "date": "2022-09-29",
        "symbol": "BDX",
        "period": "Q4",
        "revenues": 4223000000,
        "costofgoodsandservicessold": 2541000000,
        "sellinggeneralandadministrativeexpense": 1105000000,
        "researchanddevelopmentexpense": 269000000,
        "acquisitionrelatedcostsandrestructuringcharges": 75000000,
        "otheroperatingincomeexpensenet": 44000000,
        "costsandexpenses": 3945000000,
        "operatingincomeloss": 278000000,
        "interestexpense": 100000000,
        "investmentincomeinterest": 7000000,
        "othernonoperatingincomeexpense": -73000000,
        "incomelossfromcontinuingoperationsbeforeincometaxesextraordinaryitemsnoncontrollinginterest": 114000000,
        "incometaxexpensebenefit": 0,
        "netincomeloss": 288000000,
        "preferredstockdividendsincomestatementimpact": 21000000,
        "netincomelossavailabletocommonstockholdersbasic": 265000000,
        "earningspersharebasic": 0.9400000000000004,
        "earningspersharediluted": 0.9200000000000004,
        "othercomprehensiveincomelossforeigncurrencytransactionandtranslationadjustmentnetoftax": -17000000,
        "othercomprehensiveincomelosspensionandotherpostretirementbenefitplansadjustmentnetoftax": -177000000,
        "othercomprehensiveincomelosscashflowhedgegainlossafterreclassificationandtaxparent": 11000000,
        "othercomprehensiveincomelossnetoftax": 172000000,
        "comprehensiveincomenetoftax": 461000000
    },
    {
        "date": "2022-06-29",
        "symbol": "BDX",
        "period": "Q3",
        "revenues": 4641000000,
        "costofgoodsandservicessold": 2574000000,
        "sellinggeneralandadministrativeexpense": 1149000000,
        "researchanddevelopmentexpense": 315000000,
        "acquisitionrelatedcostsandrestructuringcharges": 55000000,
        "otheroperatingincomeexpensenet": -11000000,
        "costsandexpenses": 4104000000,
        "operatingincomeloss": 537000000,
        "interestexpense": 99000000,
        "investmentincomeinterest": 5000000,
        "othernonoperatingincomeexpense": -21000000,
        "incomelossfromcontinuingoperationsbeforeincometaxesextraordinaryitemsnoncontrollinginterest": 421000000,
        "incometaxexpensebenefit": 31000000,
        "incomelossfromcontinuingoperations": 390000000,
        "incomelossfromdiscontinuedoperationsnetoftaxattributabletoreportingentity": -30000000,
        "netincomeloss": 360000000,
        "preferredstockdividendsincomestatementimpact": 23000000,
        "netincomelossavailabletocommonstockholdersbasic": 338000000,
        "incomelossfromcontinuingoperationsperbasicshare": 1.29,
        "incomelossfromdiscontinuedoperationsnetoftaxperbasicshare": -0.1,
        "earningspersharebasic": 1.18,
        "incomelossfromcontinuingoperationsperdilutedshare": 1.28,
        "incomelossfromdiscontinuedoperationsnetoftaxperdilutedshare": -0.1,
        "earningspersharediluted": 1.18,
        "commonstockdividendspersharedeclared": 0.87,
        "othercomprehensiveincomelossforeigncurrencytransactionandtranslationadjustmentnetoftax": 203000000,
        "othercomprehensiveincomelosspensionandotherpostretirementbenefitplansadjustmentnetoftax": -11000000,
        "othercomprehensiveincomelosscashflowhedgegainlossafterreclassificationandtaxparent": 37000000,
        "othercomprehensiveincomelossnetoftax": 250000000,
        "comprehensiveincomenetoftax": 610000000
    },
    {
        "date": "2022-03-30",
        "symbol": "BDX",
        "period": "Q2",
        "revenues": 5011000000,
        "costofgoodsandservicessold": 2706000000,
        "sellinggeneralandadministrativeexpense": 1232000000,
        "researchanddevelopmentexpense": 343000000,
        "acquisitionrelatedcostsandrestructuringcharges": 28000000,
        "otheroperatingincomeexpensenet": -49000000,
        "costsandexpenses": 4359000000,
        "operatingincomeloss": 652000000,
        "interestexpense": 101000000,
        "investmentincomeinterest": 2000000,
        "othernonoperatingincomeexpense": -27000000,
        "incomelossfromcontinuingoperationsbeforeincometaxesextraordinaryitemsnoncontrollinginterest": 525000000,
        "incometaxexpensebenefit": 71000000,
        "netincomeloss": 454000000,
        "preferredstockdividendsincomestatementimpact": 23000000,
        "netincomelossavailabletocommonstockholdersbasic": 431000000,
        "earningspersharebasic": 1.51,
        "earningspersharediluted": 1.5,
        "commonstockdividendspersharedeclared": 0.87,
        "othercomprehensiveincomelossforeigncurrencytransactionandtranslationadjustmentnetoftax": 78000000,
        "othercomprehensiveincomelosspensionandotherpostretirementbenefitplansadjustmentnetoftax": -11000000,
        "othercomprehensiveincomelosscashflowhedgegainlossafterreclassificationandtaxparent": 44000000,
        "othercomprehensiveincomelossnetoftax": 133000000,
        "comprehensiveincomenetoftax": 586000000
    },
    {
        "date": "2021-12-30",
        "symbol": "BDX",
        "period": "Q1",
        "revenues": 4995000000,
        "costofgoodsandservicessold": 2572000000,
        "sellinggeneralandadministrativeexpense": 1223000000,
        "researchanddevelopmentexpense": 329000000,
        "acquisitionrelatedcostsandrestructuringcharges": 34000000,
        "otheroperatingincomeexpensenet": -21000000,
        "costsandexpenses": 4180000000,
        "operatingincomeloss": 815000000,
        "interestexpense": 98000000,
        "investmentincomeinterest": 2000000,
        "othernonoperatingincomeexpense": 4000000,
        "incomelossfromcontinuingoperationsbeforeincometaxesextraordinaryitemsnoncontrollinginterest": 723000000,
        "incometaxexpensebenefit": 46000000,
        "netincomeloss": 677000000,
        "preferredstockdividendsincomestatementimpact": 23000000,
        "netincomelossavailabletocommonstockholdersbasic": 655000000,
        "earningspersharebasic": 2.3,
        "earningspersharediluted": 2.28,
        "commonstockdividendspersharedeclared": 0.87,
        "othercomprehensiveincomelossforeigncurrencytransactionandtranslationadjustmentnetoftax": 41000000,
        "othercomprehensiveincomelosspensionandotherpostretirementbenefitplansadjustmentnetoftax": -11000000,
        "othercomprehensiveincomelosscashflowhedgegainlossafterreclassificationandtaxparent": -7000000,
        "othercomprehensiveincomelossnetoftax": 45000000,
        "comprehensiveincomenetoftax": 722000000
    },
    {
        "date": "2021-09-29",
        "symbol": "BDX",
        "period": "Q4",
        "revenues": 5136000000,
        "costofgoodsandservicessold": 2848000000,
        "sellinggeneralandadministrativeexpense": 1333000000,
        "researchanddevelopmentexpense": 387000000,
        "acquisitionrelatedcostsandrestructuringcharges": 59000000,
        "costsandexpenses": 4640000000,
        "operatingincomeloss": 496000000,
        "interestexpense": 112000000,
        "investmentincomeinterest": 3000000,
        "othernonoperatingincomeexpense": -120000000,
        "incometaxexpensebenefit": 1000000,
        "netincomeloss": 265000000,
        "preferredstockdividendsincomestatementimpact": 21000000,
        "netincomelossavailabletocommonstockholdersbasic": 242000000,
        "earningspersharebasic": 0.8599999999999994,
        "earningspersharediluted": 0.8399999999999994,
        "othercomprehensiveincomelossforeigncurrencytransactionandtranslationadjustmentnetoftax": 56000000,
        "othercomprehensiveincomelosspensionandotherpostretirementbenefitplansadjustmentnetoftax": -183000000,
        "othercomprehensiveincomelosscashflowhedgegainlossafterreclassificationandtaxparent": 4000000,
        "othercomprehensiveincomelossnetoftax": 242000000,
        "comprehensiveincomenetoftax": 506000000
    },
    {
        "date": "2021-06-29",
        "symbol": "BDX",
        "period": "Q3",
        "revenues": 4890000000,
        "costofgoodsandservicessold": 2729000000,
        "sellinggeneralandadministrativeexpense": 1237000000,
        "researchanddevelopmentexpense": 344000000,
        "acquisitionrelatedcostsandrestructuringcharges": 24000000,
        "otheroperatingincomeexpensenet": 72000000,
        "costsandexpenses": 4262000000,
        "operatingincomeloss": 628000000,
        "interestexpense": 115000000,
        "investmentincomeinterest": 2000000,
        "othernonoperatingincomeexpense": -1000000,
        "incomelossfromcontinuingoperationsbeforeincometaxesminorityinterestandincomelossfromequitymethodinvestments": 514000000,
        "incometaxexpensebenefit": -11000000,
        "netincomeloss": 525000000,
        "preferredstockdividendsincomestatementimpact": 23000000,
        "netincomelossavailabletocommonstockholdersbasic": 502000000,
        "earningspersharebasic": 1.73,
        "earningspersharediluted": 1.72,
        "commonstockdividendspersharedeclared": 0.83,
        "othercomprehensiveincomelossforeigncurrencytransactionandtranslationadjustmentnetoftax": 19000000,
        "othercomprehensiveincomelosspensionandotherpostretirementbenefitplansadjustmentnetoftax": -14000000,
        "othercomprehensiveincomelosscashflowhedgegainlossafterreclassificationandtaxparent": -34000000,
        "othercomprehensiveincomelossnetoftax": -1000000,
        "comprehensiveincomenetoftax": 524000000
    },
    {
        "date": "2021-03-30",
        "symbol": "BDX",
        "period": "Q2",
        "revenues": 4907000000,
        "costofgoodsandservicessold": 2661000000,
        "sellinggeneralandadministrativeexpense": 1148000000,
        "researchanddevelopmentexpense": 317000000,
        "acquisitionrelatedcostsandrestructuringcharges": 52000000,
        "otheroperatingincomeexpensenet": -296000000,
        "costsandexpenses": 4473000000,
        "operatingincomeloss": 434000000,
        "interestexpense": 124000000,
        "investmentincomeinterest": 2000000,
        "othernonoperatingincomeexpense": -8000000,
        "incomelossfromcontinuingoperationsbeforeincometaxesminorityinterestandincomelossfromequitymethodinvestments": 305000000,
        "incometaxexpensebenefit": 6000000,
        "netincomeloss": 299000000,
        "preferredstockdividendsincomestatementimpact": 23000000,
        "netincomelossavailabletocommonstockholdersbasic": 277000000,
        "earningspersharebasic": 0.95,
        "earningspersharediluted": 0.94,
        "commonstockdividendspersharedeclared": 0.83,
        "othercomprehensiveincomelossforeigncurrencytransactionandtranslationadjustmentnetoftax": -15000000,
        "othercomprehensiveincomelosspensionandotherpostretirementbenefitplansadjustmentnetoftax": -16000000,
        "othercomprehensiveincomelosscashflowhedgegainlossafterreclassificationandtaxparent": 83000000,
        "othercomprehensiveincomelossnetoftax": 85000000,
        "comprehensiveincomenetoftax": 384000000
    },
    {
        "date": "2020-12-30",
        "symbol": "BDX",
        "period": "Q1",
        "revenues": 5315000000,
        "costofgoodsandservicessold": 2583000000,
        "sellinggeneralandadministrativeexpense": 1149000000,
        "researchanddevelopmentexpense": 291000000,
        "acquisitionrelatedcostsandrestructuringcharges": 50000000,
        "costsandexpenses": 4074000000,
        "operatingincomeloss": 1241000000,
        "interestexpense": 118000000,
        "investmentincomeinterest": 2000000,
        "othernonoperatingincomeexpense": 32000000,
        "incomelossfromcontinuingoperationsbeforeincometaxesminorityinterestandincomelossfromequitymethodinvestments": 1157000000,
        "incometaxexpensebenefit": 154000000,
        "netincomeloss": 1003000000,
        "preferredstockdividendsincomestatementimpact": 23000000,
        "netincomelossavailabletocommonstockholdersbasic": 981000000,
        "earningspersharebasic": 3.38,
        "earningspersharediluted": 3.35,
        "commonstockdividendspersharedeclared": 0.83,
        "othercomprehensiveincomelossforeigncurrencytransactionandtranslationadjustmentnetoftax": 64000000,
        "othercomprehensiveincomelosspensionandotherpostretirementbenefitplansadjustmentnetoftax": -42000000,
        "othercomprehensiveincomelosscashflowhedgegainlossafterreclassificationandtaxparent": 28000000,
        "othercomprehensiveincomelossnetoftax": 134000000,
        "comprehensiveincomenetoftax": 1138000000
    },
    {
        "date": "2020-09-29",
        "symbol": "BDX",
        "period": "Q4",
        "revenues": 4784000000,
        "costofgoodsandservicessold": 2578000000,
        "sellinggeneralandadministrativeexpense": 1199000000,
        "researchanddevelopmentexpense": 300000000,
        "acquisitionrelatedcostsandrestructuringcharges": 74000000,
        "costsandexpenses": 4528000000,
        "operatingincomeloss": 255000000,
        "interestexpense": 123000000,
        "investmentincomeinterest": 2000000,
        "othernonoperatingincomeexpense": 11000000,
        "incomelossfromcontinuingoperationsbeforeincometaxesminorityinterestandincomelossfromequitymethodinvestments": 143000000,
        "incometaxexpensebenefit": 15000000,
        "netincomeloss": 127000000,
        "preferredstockdividendsincomestatementimpact": 22000000,
        "netincomelossavailabletocommonstockholdersbasic": 105000000,
        "earningspersharebasic": 0.36,
        "earningspersharediluted": 0.33999999999999997,
        "othercomprehensiveincomelossforeigncurrencytransactionandtranslationadjustmentnetoftax": -96000000,
        "othercomprehensiveincomelosspensionandotherpostretirementbenefitplansadjustmentnetoftax": 86000000,
        "othercomprehensiveincomelosscashflowhedgegainlossafterreclassificationandtaxparent": 1000000,
        "othercomprehensiveincomelossnetoftax": -182000000,
        "comprehensiveincomenetoftax": -53000000
    },
    {
        "date": "2020-06-29",
        "symbol": "BDX",
        "period": "Q3",
        "revenues": 3855000000,
        "costofgoodsandservicessold": 2195000000,
        "sellinggeneralandadministrativeexpense": 980000000,
        "researchanddevelopmentexpense": 262000000,
        "acquisitionrelatedcostsandrestructuringcharges": 74000000,
        "otheroperatingincomeexpensenet": 15000000,
        "costsandexpenses": 3497000000,
        "operatingincomeloss": 358000000,
        "interestexpense": 135000000,
        "investmentincomeinterest": 2000000,
        "othernonoperatingincomeexpense": 23000000,
        "incomelossfromcontinuingoperationsbeforeincometaxesminorityinterestandincomelossfromequitymethodinvestments": 248000000,
        "incometaxexpensebenefit": -38000000,
        "netincomeloss": 286000000,
        "preferredstockdividendsincomestatementimpact": 9000000,
        "netincomelossavailabletocommonstockholdersbasic": 277000000,
        "earningspersharebasic": 0.98,
        "earningspersharediluted": 0.97,
        "commonstockdividendspersharedeclared": 0.79,
        "othercomprehensiveincomelossforeigncurrencytransactionandtranslationadjustmentnetoftax": 34000000,
        "othercomprehensiveincomelosspensionandotherpostretirementbenefitplansadjustmentnetoftax": -17000000,
        "othercomprehensiveincomelosscashflowhedgegainlossafterreclassificationandtaxparent": 2000000,
        "othercomprehensiveincomelossnetoftax": 53000000,
        "comprehensiveincomenetoftax": 338000000
    },
    {
        "date": "2020-03-30",
        "symbol": "BDX",
        "period": "Q2",
        "netincomeloss": 183000000,
        "othercomprehensiveincomelossforeigncurrencytransactionandtranslationadjustmentnetoftax": -125000000,
        "othercomprehensiveincomelosspensionandotherpostretirementbenefitplansadjustmentnetoftax": -17000000,
        "othercomprehensiveincomelosscashflowhedgegainlossafterreclassificationandtaxparent": -109000000,
        "othercomprehensiveincomelossnetoftax": -218000000,
        "comprehensiveincomenetoftax": -35000000,
        "revenues": 4253000000,
        "costofgoodsandservicessold": 2520000000,
        "sellinggeneralandadministrativeexpense": 1025000000,
        "researchanddevelopmentexpense": 264000000,
        "acquisitionrelatedcostsandrestructuringcharges": 75000000,
        "costsandexpenses": 3884000000,
        "operatingincomeloss": 370000000,
        "interestexpense": 134000000,
        "investmentincomeinterest": 2000000,
        "othernonoperatingincomeexpense": -38000000,
        "incomelossfromcontinuingoperationsbeforeincometaxesminorityinterestandincomelossfromequitymethodinvestments": 200000000,
        "incometaxexpensebenefit": 17000000,
        "preferredstockdividendsincomestatementimpact": 38000000,
        "netincomelossavailabletocommonstockholdersbasic": 145000000,
        "earningspersharebasic": 0.53,
        "earningspersharediluted": 0.53,
        "commonstockdividendspersharedeclared": 0.79
    },
    {
        "date": "2019-12-30",
        "symbol": "BDX",
        "period": "Q1",
        "netincomeloss": 278000000,
        "othercomprehensiveincomelossforeigncurrencytransactionandtranslationadjustmentnetoftax": 26000000,
        "othercomprehensiveincomelosspensionandotherpostretirementbenefitplansadjustmentnetoftax": -17000000,
        "othercomprehensiveincomelosscashflowhedgegainlossafterreclassificationandtaxparent": 39000000,
        "othercomprehensiveincomelossnetoftax": 82000000,
        "comprehensiveincomenetoftax": 359000000,
        "revenues": 4225000000,
        "costofgoodsandservicessold": 2247000000,
        "sellinggeneralandadministrativeexpense": 1121000000,
        "researchanddevelopmentexpense": 270000000,
        "acquisitionrelatedcostsandrestructuringcharges": 86000000,
        "costsandexpenses": 3724000000,
        "operatingincomeloss": 501000000,
        "interestexpense": 136000000,
        "investmentincomeinterest": 1000000,
        "othernonoperatingincomeexpense": 27000000,
        "incomelossfromcontinuingoperationsbeforeincometaxesminorityinterestandincomelossfromequitymethodinvestments": 394000000,
        "incometaxexpensebenefit": 117000000,
        "preferredstockdividendsincomestatementimpact": 38000000,
        "netincomelossavailabletocommonstockholdersbasic": 240000000,
        "earningspersharebasic": 0.88,
        "earningspersharediluted": 0.87,
        "commonstockdividendspersharedeclared": 0.79
    },
    {
        "date": "2019-09-29",
        "symbol": "BDX",
        "period": "Q4",
        "netincomeloss": 162000000,
        "othercomprehensiveincomelossforeigncurrencytransactionandtranslationadjustmentnetoftax": -66000000,
        "othercomprehensiveincomelosspensionandotherpostretirementbenefitplansadjustmentnetoftax": 315000000,
        "othercomprehensiveincomelossnetoftax": -386000000,
        "comprehensiveincomenetoftax": -223000000,
        "revenues": 4584000000,
        "costofgoodsandservicessold": 2318000000,
        "sellinggeneralandadministrativeexpense": 1094000000,
        "researchanddevelopmentexpense": 270000000,
        "acquisitionrelatedcostsandrestructuringcharges": 199000000,
        "costsandexpenses": 4474000000,
        "operatingincomeloss": 111000000,
        "interestexpense": 141000000,
        "investmentincomeinterest": 4000000,
        "othernonoperatingincomeexpense": 24000000,
        "incomelossfromcontinuingoperationsbeforeincometaxesminorityinterestandincomelossfromequitymethodinvestments": -2000000,
        "incometaxexpensebenefit": -164000000,
        "preferredstockdividendsincomestatementimpact": 38000000,
        "netincomelossavailabletocommonstockholdersbasic": 125000000,
        "earningspersharebasic": 0.45999999999999996,
        "earningspersharediluted": 0.44999999999999973
    },
    {
        "date": "2019-06-29",
        "symbol": "BDX",
        "period": "Q3",
        "netincomeloss": 452000000,
        "othercomprehensiveincomelossforeigncurrencytransactionandtranslationadjustmentnetoftax": -68000000,
        "othercomprehensiveincomelosspensionandotherpostretirementbenefitplansadjustmentnetoftax": -12000000,
        "othercomprehensiveincomelossnetoftax": -58000000,
        "comprehensiveincomenetoftax": 393000000,
        "revenues": 6692000000,
        "costofgoodsandservicessold": 2276000000,
        "sellinggeneralandadministrativeexpense": 1076000000,
        "researchanddevelopmentexpense": 282000000,
        "acquisitionrelatedcostsandrestructuringcharges": 89000000,
        "otheroperatingincomeexpensenet": 0,
        "costsandexpenses": 3724000000,
        "operatingincomeloss": 625000000,
        "interestexpense": 156000000,
        "investmentincomeinterest": 2000000,
        "othernonoperatingincomeexpense": -11000000,
        "incomelossfromcontinuingoperationsbeforeincometaxesminorityinterestandincomelossfromequitymethodinvestments": -135000000,
        "incometaxexpensebenefit": 9000000,
        "preferredstockdividendsincomestatementimpact": 38000000,
        "netincomelossavailabletocommonstockholdersbasic": 413000000,
        "earningspersharebasic": 1.5299999999999998,
        "earningspersharediluted": 1.5100000000000002,
        "commonstockdividendspersharedeclared": 0.77
    },
    {
        "date": "2019-03-30",
        "symbol": "BDX",
        "period": "Q2",
        "netincomeloss": 20000000,
        "othercomprehensiveincomelossforeigncurrencytransactionandtranslationadjustmentnetoftax": 76000000,
        "othercomprehensiveincomelosspensionandotherpostretirementbenefitplansadjustmentnetoftax": -13000000,
        "othercomprehensiveincomelosscashflowhedgegainlossafterreclassificationandtaxparent": -1000000,
        "othercomprehensiveincomelossnetoftax": 88000000,
        "comprehensiveincomenetoftax": 108000000,
        "revenues": 1854000000,
        "costofgoodsandservicessold": 2221000000,
        "sellinggeneralandadministrativeexpense": 1089000000,
        "researchanddevelopmentexpense": 252000000,
        "acquisitionrelatedcostsandrestructuringcharges": 101000000,
        "otheroperatingincomeexpensenet": -396000000,
        "costsandexpenses": 4059000000,
        "operatingincomeloss": 136000000,
        "interestexpense": 171000000,
        "investmentincomeinterest": 18000000,
        "othernonoperatingincomeexpense": 20000000,
        "incomelossfromcontinuingoperationsbeforeincometaxesminorityinterestandincomelossfromequitymethodinvestments": 599000000,
        "incometaxexpensebenefit": -17000000,
        "preferredstockdividendsincomestatementimpact": 38000000,
        "netincomelossavailabletocommonstockholdersbasic": -18000000,
        "earningspersharebasic": -0.07,
        "earningspersharediluted": -0.07,
        "commonstockdividendspersharedeclared": 0.77
    },
    {
        "date": "2018-12-30",
        "symbol": "BDX",
        "period": "Q1",
        "netincomeloss": 599000000,
        "othercomprehensiveincomelossforeigncurrencytransactionandtranslationadjustmentnetoftax": -35000000,
        "othercomprehensiveincomelosspensionandotherpostretirementbenefitplansadjustmentnetoftax": -15000000,
        "othercomprehensiveincomelossderivativesqualifyingashedgesnetoftax": 1000000,
        "othercomprehensiveincomelossnetoftax": -18000000,
        "comprehensiveincomenetoftax": 581000000,
        "revenues": 4160000000,
        "costofgoodsandservicessold": 2187000000,
        "sellinggeneralandadministrativeexpense": 1073000000,
        "researchanddevelopmentexpense": 258000000,
        "acquisitionrelatedcostsandrestructuringcharges": 91000000,
        "otheroperatingincomeexpensenet": 335000000,
        "costsandexpenses": 3273000000,
        "operatingincomeloss": 888000000,
        "interestexpense": 171000000,
        "investmentincomeinterest": -12000000,
        "othernonoperatingincomeexpense": 10000000,
        "incomelossfromcontinuingoperationsbeforeincometaxesminorityinterestandincomelossfromequitymethodinvestments": 714000000,
        "incometaxexpensebenefit": 115000000,
        "preferredstockdividendsincomestatementimpact": 38000000,
        "netincomelossavailabletocommonstockholdersbasic": 562000000,
        "earningspersharebasic": 2.09,
        "earningspersharediluted": 2.05,
        "commonstockdividendspersharedeclared": 0.77
    },
    {
        "date": "2018-09-29",
        "symbol": "BDX",
        "period": "Q4",
        "netincomeloss": -135000000,
        "othercomprehensiveincomelossforeigncurrencytransactionandtranslationadjustmentnetoftax": -39000000,
        "othercomprehensiveincomelosspensionandotherpostretirementbenefitplansadjustmentnetoftax": -31000000,
        "othercomprehensiveincomelossderivativesqualifyingashedgesnetoftax": 1000000,
        "othercomprehensiveincomelossnetoftax": -8000000,
        "comprehensiveincomenetoftax": -142000000,
        "costofgoodsandservicessold": 2310000000,
        "sellinggeneralandadministrativeexpense": -2433000000,
        "researchanddevelopmentexpense": 277000000,
        "acquisitionrelatedcostsandrestructuringcharges": 140000000,
        "costsandexpenses": 3831000000,
        "operatingincomeloss": 571000000,
        "interestexpense": 181000000,
        "investmentincomeinterest": 9000000,
        "othernonoperatingincomeexpense": 17000000,
        "incomelossfromcontinuingoperationsbeforeincometaxesminorityinterestandincomelossfromequitymethodinvestments": 1941000000,
        "incometaxexpensebenefit": 550000000,
        "preferredstockdividendsincomestatementimpact": 38000000,
        "netincomelossavailabletocommonstockholdersbasic": -173000000,
        "earningspersharebasic": -0.51,
        "earningspersharediluted": -0.47999999999999976
    },
    {
        "date": "2018-06-29",
        "symbol": "BDX",
        "period": "Q3",
        "netincomeloss": 594000000,
        "othercomprehensiveincomelossforeigncurrencytransactionandtranslationadjustmentnetoftax": -214000000,
        "othercomprehensiveincomelosspensionandotherpostretirementbenefitplansadjustmentnetoftax": -16000000,
        "othercomprehensiveincomelossderivativesqualifyingashedgesnetoftax": 1000000,
        "othercomprehensiveincomelossnetoftax": -197000000,
        "comprehensiveincomenetoftax": 397000000,
        "revenues": 2338000000,
        "costofgoodsandservicessold": 2262000000,
        "sellinggeneralandadministrativeexpense": 1081000000,
        "researchanddevelopmentexpense": 277000000,
        "acquisitionrelatedcostsandrestructuringcharges": 146000000,
        "costsandexpenses": 3766000000,
        "operatingincomeloss": 513000000,
        "interestexpense": 182000000,
        "investmentincomeinterest": 8000000,
        "othernonoperatingincomeexpense": 308000000,
        "incomelossfromcontinuingoperationsbeforeincometaxesminorityinterestandincomelossfromequitymethodinvestments": 732000000,
        "incometaxexpensebenefit": 53000000,
        "preferredstockdividendsincomestatementimpact": 38000000,
        "netincomelossavailabletocommonstockholdersbasic": 556000000,
        "earningspersharebasic": 2.08,
        "earningspersharediluted": 2.03,
        "commonstockdividendspersharedeclared": 0.75
    },
    {
        "date": "2018-03-30",
        "symbol": "BDX",
        "period": "Q2",
        "netincomeloss": -12000000,
        "othercomprehensiveincomelossforeigncurrencytransactionandtranslationadjustmentnetoftax": 128000000,
        "othercomprehensiveincomelosspensionandotherpostretirementbenefitplansadjustmentnetoftax": 90000000,
        "othercomprehensiveincomelossderivativesqualifyingashedgesnetoftax": -2000000,
        "othercomprehensiveincomelossnetoftax": 36000000,
        "comprehensiveincomenetoftax": 24000000,
        "salesrevenuenet": 2325000000,
        "costofgoodsandservicessold": 2619000000,
        "sellinggeneralandadministrativeexpense": 1057000000,
        "researchanddevelopmentexpense": 260000000,
        "acquisitionrelatedcostsandrestructuringcharges": 104000000,
        "costsandexpenses": 4040000000,
        "operatingincomeloss": 183000000,
        "interestexpense": 185000000,
        "investmentincomeinterest": 4000000,
        "othernonoperatingincomeexpense": 4000000,
        "incomelossfromcontinuingoperationsbeforeincometaxesminorityinterestandincomelossfromequitymethodinvestments": -154000000,
        "incometaxexpensebenefit": 18000000,
        "preferredstockdividendsincomestatementimpact": 38000000,
        "netincomelossavailabletocommonstockholdersbasic": -50000000,
        "earningspersharebasic": -0.19,
        "earningspersharediluted": -0.19,
        "commonstockdividendspersharedeclared": 0.75
    },
    {
        "date": "2017-12-30",
        "symbol": "BDX",
        "period": "Q1",
        "netincomeloss": -136000000,
        "othercomprehensiveincomelossforeigncurrencytransactionandtranslationadjustmentnetoftax": -36000000,
        "othercomprehensiveincomelosspensionandotherpostretirementbenefitplansadjustmentnetoftax": -17000000,
        "othercomprehensiveincomelossderivativesqualifyingashedgesnetoftax": 1000000,
        "othercomprehensiveincomelossnetoftax": -17000000,
        "comprehensiveincomenetoftax": -154000000,
        "salesrevenuenet": 3080000000,
        "costofgoodsandservicessold": 1530000000,
        "sellinggeneralandadministrativeexpense": 774000000,
        "researchanddevelopmentexpense": 192000000,
        "acquisitionrelatedcostsandrestructuringcharges": 354000000,
        "costsandexpenses": 2850000000,
        "operatingincomeloss": 230000000,
        "interestexpense": 158000000,
        "investmentincomeinterest": 44000000,
        "othernonoperatingincomeexpense": -11000000,
        "incomelossfromcontinuingoperationsbeforeincometaxesminorityinterestandincomelossfromequitymethodinvestments": 105000000,
        "incometaxexpensebenefit": 241000000,
        "preferredstockdividendsincomestatementimpact": 38000000,
        "netincomelossavailabletocommonstockholdersbasic": -174000000,
        "earningspersharebasic": -0.76,
        "earningspersharediluted": -0.76,
        "commonstockdividendspersharedeclared": 0.75
    },
    {
        "date": "2017-06-29",
        "symbol": "BDX",
        "period": "Q3",
        "netincomeloss": -132000000,
        "othercomprehensiveincomelossforeigncurrencytransactionandtranslationadjustmentnetoftax": 87000000,
        "othercomprehensiveincomelosspensionandotherpostretirementbenefitplansadjustmentnetoftax": -15000000,
        "othercomprehensiveincomelossderivativesqualifyingashedgesnetoftax": -15000000,
        "othercomprehensiveincomelossnetoftax": 86000000,
        "comprehensiveincomenetoftax": -46000000,
        "salesrevenuenet": 1603000000,
        "costofgoodsandservicessold": 1532000000,
        "sellinggeneralandadministrativeexpense": 719000000,
        "researchanddevelopmentexpense": 186000000,
        "acquisitionrelatedcostsandrestructuringcharges": 81000000,
        "otheroperatingincomeexpensenet": -741000000,
        "costsandexpenses": 3258000000,
        "operatingincomeloss": -223000000,
        "interestexpense": 184000000,
        "investmentincomeinterest": 19000000,
        "othernonoperatingincomeexpense": -16000000,
        "incomelossfromcontinuingoperationsbeforeincometaxesminorityinterestandincomelossfromequitymethodinvestments": 553000000,
        "incometaxexpensebenefit": 12000000,
        "preferredstockdividendsincomestatementimpact": 32000000,
        "netincomelossavailabletocommonstockholdersbasic": -165000000,
        "earningspersharebasic": -0.75,
        "earningspersharediluted": -0.75,
        "commonstockdividendspersharedeclared": 0.73
    },
    {
        "date": "2017-03-30",
        "symbol": "BDX",
        "period": "Q2",
        "netincomeloss": 343000000,
        "othercomprehensiveincomelossforeigncurrencytransactionandtranslationadjustmentnetoftax": 136000000,
        "othercomprehensiveincomelosspensionandotherpostretirementbenefitplansadjustmentnetoftax": -14000000,
        "othercomprehensiveincomelossderivativesqualifyingashedgesnetoftax": 2000000,
        "othercomprehensiveincomelossnetoftax": 153000000,
        "comprehensiveincomenetoftax": 497000000,
        "salesrevenuenet": 1627000000,
        "costofgoodsandservicessold": 1537000000,
        "sellinggeneralandadministrativeexpense": 723000000,
        "researchanddevelopmentexpense": 186000000,
        "acquisitionrelatedcostsandrestructuringcharges": 76000000,
        "otheroperatingincomeexpensenet": 0,
        "costsandexpenses": 2523000000,
        "operatingincomeloss": 446000000,
        "interestexpense": 86000000,
        "investmentincomeinterest": 7000000,
        "othernonoperatingincomeexpense": -6000000,
        "incomelossfromcontinuingoperationsbeforeincometaxesminorityinterestandincomelossfromequitymethodinvestments": 537000000,
        "incometaxexpensebenefit": 21000000,
        "earningspersharebasic": 1.6,
        "earningspersharediluted": 1.5700000000000003,
        "commonstockdividendspersharedeclared": 0.73
    },
    {
        "date": "2016-12-30",
        "symbol": "BDX",
        "period": "Q1",
        "netincomeloss": 562000000,
        "othercomprehensiveincomelossforeigncurrencytransactionandtranslationadjustmentnetoftax": -275000000,
        "othercomprehensiveincomelosspensionandotherpostretirementbenefitplansadjustmentnetoftax": -15000000,
        "othercomprehensiveincomelossderivativesqualifyingashedgesnetoftax": 28000000,
        "othercomprehensiveincomelossnetoftax": -233000000,
        "comprehensiveincomenetoftax": 329000000,
        "salesrevenuenet": 1630000000,
        "costofgoodsandservicessold": 1470000000,
        "sellinggeneralandadministrativeexpense": 709000000,
        "researchanddevelopmentexpense": 182000000,
        "acquisitionrelatedcostsandrestructuringcharges": 87000000,
        "otheroperatingincomeexpensenet": 336000000,
        "costsandexpenses": 2111000000,
        "operatingincomeloss": 811000000,
        "interestexpense": 95000000,
        "investmentincomeinterest": 5000000,
        "othernonoperatingincomeexpense": -29000000,
        "incomelossfromcontinuingoperationsbeforeincometaxesminorityinterestandincomelossfromequitymethodinvestments": 548000000,
        "incometaxexpensebenefit": 27000000,
        "earningspersharebasic": 2.64,
        "earningspersharediluted": 2.58,
        "commonstockdividendspersharedeclared": 0.73
    },
    {
        "date": "2016-09-29",
        "symbol": "BDX",
        "period": "Q4",
        "netincomeloss": 19000000,
        "othercomprehensiveincomelossforeigncurrencytransactionandtranslationadjustmentnetoftax": -151000000,
        "othercomprehensiveincomelosspensionandotherpostretirementbenefitplansadjustmentnetoftax": 177000000,
        "othercomprehensiveincomelossderivativesqualifyingashedgesnetoftax": 4000000,
        "othercomprehensiveincomelossnetoftax": -326000000,
        "comprehensiveincomenetoftax": -305000000,
        "salesrevenuenet": -2096000000,
        "costofgoodsandservicessold": 1679000000,
        "sellinggeneralandadministrativeexpense": 797000000,
        "researchanddevelopmentexpense": 252000000,
        "costsandexpenses": 3135000000,
        "operatingincomeloss": 96000000,
        "interestexpense": 95000000,
        "investmentincomeinterest": 7000000,
        "othernonoperatingincomeexpense": 0,
        "incomelossfromcontinuingoperationsbeforeincometaxesminorityinterestandincomelossfromequitymethodinvestments": 503000000,
        "incometaxexpensebenefit": -10000000,
        "earningspersharebasic": 0.08999999999999964,
        "earningspersharediluted": 0.07000000000000028
    },
    {
        "date": "2016-06-29",
        "symbol": "BDX",
        "period": "Q3",
        "netincomeloss": 390000000,
        "othercomprehensiveincomelossforeigncurrencytransactionandtranslationadjustmentnetoftax": 38000000,
        "othercomprehensiveincomelosspensionandotherpostretirementbenefitplansadjustmentnetoftax": -12000000,
        "othercomprehensiveincomelossderivativesqualifyingashedgesnetoftax": -7000000,
        "othercomprehensiveincomelossnetoftax": 43000000,
        "comprehensiveincomenetoftax": 433000000,
        "salesrevenuenet": 1735000000,
        "costofgoodsandservicessold": 1651000000,
        "sellinggeneralandadministrativeexpense": 728000000,
        "researchanddevelopmentexpense": 207000000,
        "businesscombinationacquisitionrelatedcostsandrestructuringcharges": 96000000,
        "costsandexpenses": 2682000000,
        "operatingincomeloss": 516000000,
        "interestexpense": 97000000,
        "investmentincomeinterest": 5000000,
        "othernonoperatingincomeexpense": -1000000,
        "incomelossfromcontinuingoperationsbeforeincometaxesminorityinterestandincomelossfromequitymethodinvestments": 571000000,
        "incometaxexpensebenefit": 32000000,
        "earningspersharebasic": 1.83,
        "earningspersharediluted": 1.8,
        "commonstockdividendspersharedeclared": 0.66
    },
    {
        "date": "2016-03-30",
        "symbol": "BDX",
        "period": "Q2",
        "netincomeloss": 338000000,
        "othercomprehensiveincomelossforeigncurrencytransactionandtranslationadjustmentnetoftax": 179000000,
        "othercomprehensiveincomelosspensionandotherpostretirementbenefitplansadjustmentnetoftax": -12000000,
        "othercomprehensiveincomelossderivativesqualifyingashedgesnetoftax": 1000000,
        "othercomprehensiveincomelossnetoftax": 193000000,
        "comprehensiveincomenetoftax": 531000000,
        "salesrevenuenet": 1719000000,
        "costofgoodsandservicessold": 1584000000,
        "sellinggeneralandadministrativeexpense": 732000000,
        "researchanddevelopmentexpense": 182000000,
        "businesscombinationacquisitionrelatedcostsandrestructuringcharges": 104000000,
        "costsandexpenses": 2601000000,
        "operatingincomeloss": 466000000,
        "interestexpense": 99000000,
        "investmentincomeinterest": 3000000,
        "othernonoperatingincomeexpense": 6000000,
        "incomelossfromcontinuingoperationsbeforeincometaxesminorityinterestandincomelossfromequitymethodinvestments": 513000000,
        "incometaxexpensebenefit": 38000000,
        "earningspersharebasic": 1.59,
        "earningspersharediluted": 1.56,
        "commonstockdividendspersharedeclared": 0.66
    },
    {
        "date": "2015-12-30",
        "symbol": "BDX",
        "period": "Q1",
        "netincomeloss": 229000000,
        "othercomprehensiveincomelossforeigncurrencytransactionandtranslationadjustmentnetoftax": -116000000,
        "othercomprehensiveincomelosspensionandotherpostretirementbenefitplansadjustmentnetoftax": -12000000,
        "othercomprehensiveincomelossderivativesqualifyingashedgesnetoftax": 3000000,
        "othercomprehensiveincomelossnetoftax": -101000000,
        "comprehensiveincomenetoftax": 127000000,
        "salesrevenuenet": 1691000000,
        "costofgoodsandservicessold": 1578000000,
        "sellinggeneralandadministrativeexpense": 748000000,
        "researchanddevelopmentexpense": 187000000,
        "businesscombinationtransactionandintegrationrelatedcosts": 121000000,
        "costsandexpenses": 2635000000,
        "operatingincomeloss": 352000000,
        "interestexpense": 97000000,
        "investmentincomeinterest": 6000000,
        "othernonoperatingincomeexpense": 6000000,
        "incomelossfromcontinuingoperationsbeforeincometaxesminorityinterestandincomelossfromequitymethodinvestments": 465000000,
        "incometaxexpensebenefit": 37000000,
        "earningspersharebasic": 1.08,
        "earningspersharediluted": 1.06,
        "commonstockdividendspersharedeclared": 0.66
    },
    {
        "date": "2015-09-29",
        "symbol": "BDX",
        "period": "Q4",
        "netincomeloss": 181000000,
        "othercomprehensiveincomelossforeigncurrencytransactionandtranslationadjustmentnetoftax": -134000000,
        "othercomprehensiveincomelosspensionandotherpostretirementbenefitplansadjustmentnetoftax": 69000000,
        "othercomprehensiveincomelossderivativesqualifyingashedgesnetoftax": -2000000,
        "othercomprehensiveincomelossnetoftax": -204000000,
        "comprehensiveincomenetoftax": -23000000,
        "salesrevenuenet": -1351000000,
        "costofgoodsandservicessold": 1644000000,
        "sellinggeneralandadministrativeexpense": 744000000,
        "researchanddevelopmentexpense": 196000000,
        "businesscombinationtransactionandintegrationrelatedcosts": 182000000,
        "costsandexpenses": 2764000000,
        "operatingincomeloss": 295000000,
        "interestexpense": 99000000,
        "investmentincomeinterest": -5000000,
        "othernonoperatingincomeexpense": -1000000,
        "incomelossfromcontinuingoperationsbeforeincometaxesminorityinterestandincomelossfromequitymethodinvestments": 1385000000,
        "incometaxexpensebenefit": 62000000,
        "earningspersharebasic": 0.8100000000000003,
        "earningspersharediluted": 0.78
    },
    {
        "date": "2015-06-29",
        "symbol": "BDX",
        "period": "Q3",
        "salesrevenuenet": 1427000000,
        "costofgoodsandservicessold": 1932000000,
        "sellinggeneralandadministrativeexpense": 764000000,
        "researchanddevelopmentexpense": 178000000,
        "businesscombinationtransactionandintegrationrelatedcosts": 108000000,
        "costsandexpenses": 2983000000,
        "operatingincomeloss": 137000000,
        "interestexpense": 105000000,
        "investmentincomeinterest": 2000000,
        "othernonoperatingincomeexpense": 5000000,
        "incomelossfromcontinuingoperationsbeforeincometaxesminorityinterestandincomelossfromequitymethodinvestments": 680000000,
        "incometaxexpensebenefit": -6000000,
        "netincomeloss": 62000000,
        "earningspersharebasic": 0.3,
        "earningspersharediluted": 0.29,
        "commonstockdividendspersharedeclared": 0.6,
        "othercomprehensiveincomelossforeigncurrencytransactionandtranslationadjustmentnetoftax": 80000000,
        "othercomprehensiveincomelosspensionandotherpostretirementbenefitplansadjustmentnetoftax": -11000000,
        "othercomprehensiveincomelossderivativesqualifyingashedgesnetoftax": -2000000,
        "othercomprehensiveincomelossnetoftax": 88000000,
        "comprehensiveincomenetoftax": 150000000
    },
    {
        "date": "2015-03-30",
        "symbol": "BDX",
        "period": "Q2",
        "salesrevenuenet": 1188000000,
        "costofgoodsandservicessold": 1005000000,
        "sellinggeneralandadministrativeexpense": 511000000,
        "researchanddevelopmentexpense": 129000000,
        "businesscombinationtransactionandintegrationrelatedcosts": 113000000,
        "costsandexpenses": 1758000000,
        "operatingincomeloss": 293000000,
        "interestexpense": 91000000,
        "investmentincomeinterest": 8000000,
        "othernonoperatingincomeexpense": 15000000,
        "incomelossfromcontinuingoperationsbeforeincometaxesminorityinterestandincomelossfromequitymethodinvestments": -303000000,
        "incometaxexpensebenefit": -6000000,
        "netincomeloss": 216000000,
        "earningspersharebasic": 1.1,
        "earningspersharediluted": 1.08,
        "commonstockdividendspersharedeclared": 0.6,
        "othercomprehensiveincomelossforeigncurrencytransactionandtranslationadjustmentnetoftax": -497000000,
        "othercomprehensiveincomelosspensionandotherpostretirementbenefitplansadjustmentnetoftax": -11000000,
        "othercomprehensiveincomelossderivativesqualifyingashedgesnetoftax": 2000000,
        "othercomprehensiveincomelossnetoftax": -484000000,
        "comprehensiveincomenetoftax": -267000000
    },
    {
        "date": "2014-12-30",
        "symbol": "BDX",
        "period": "Q1",
        "salesrevenuenet": 1170000000,
        "costofgoodsandservicessold": 1006000000,
        "sellinggeneralandadministrativeexpense": 544000000,
        "researchanddevelopmentexpense": 129000000,
        "businesscombinationtransactionandintegrationrelatedcosts": 23000000,
        "costsandexpenses": 1702000000,
        "operatingincomeloss": 349000000,
        "interestexpense": 76000000,
        "investmentincomeinterest": 10000000,
        "othernonoperatingincomeexpense": 2000000,
        "incomelossfromcontinuingoperationsbeforeincometaxesminorityinterestandincomelossfromequitymethodinvestments": -232000000,
        "incometaxexpensebenefit": -6000000,
        "netincomeloss": 236000000,
        "earningspersharebasic": 1.22,
        "earningspersharediluted": 1.2,
        "commonstockdividendspersharedeclared": 0.6,
        "othercomprehensiveincomelossforeigncurrencytransactionandtranslationadjustmentnetoftax": -141000000,
        "othercomprehensiveincomelosspensionandotherpostretirementbenefitplansadjustmentnetoftax": -11000000,
        "othercomprehensiveincomelossderivativesqualifyingashedgesnetoftax": -7000000,
        "othercomprehensiveincomelossnetoftax": -137000000,
        "comprehensiveincomenetoftax": 98000000
    },
    {
        "date": "2014-09-29",
        "symbol": "BDX",
        "period": "Q4",
        "salesrevenuenet": -443000000,
        "costofgoodsandservicessold": 1100000000,
        "sellinggeneralandadministrativeexpense": 561000000,
        "researchanddevelopmentexpense": 140000000,
        "costsandexpenses": 1801000000,
        "operatingincomeloss": 402000000,
        "interestexpense": 35000000,
        "investmentincomeinterest": 10000000,
        "othernonoperatingincomeexpense": 1000000,
        "incomelossfromcontinuingoperationsbeforeincometaxesminorityinterestandincomelossfromequitymethodinvestments": -153000000,
        "incometaxexpensebenefit": -4000000,
        "incomelossfromcontinuingoperations": 301000000,
        "incomelossfromcontinuingoperationsperbasicshare": 1.5599999999999996,
        "earningspersharebasic": 1.5599999999999996,
        "incomelossfromcontinuingoperationsperdilutedshare": 1.5199999999999996,
        "earningspersharediluted": 1.5199999999999996,
        "othercomprehensiveincomelossforeigncurrencytransactionandtranslationadjustmentnetoftax": -348000000,
        "othercomprehensiveincomelosspensionandotherpostretirementbenefitplansadjustmentnetoftax": 199000000,
        "othercomprehensiveincomelossderivativesqualifyingashedgesnetoftax": 2000000,
        "othercomprehensiveincomelossnetoftax": -544000000,
        "comprehensiveincomenetoftaxincludingportionattributabletononcontrollinginterest": -244000000
    },
    {
        "date": "2014-06-29",
        "symbol": "BDX",
        "period": "Q3",
        "salesrevenuenet": 277000000,
        "costofgoodsandservicessold": 1046000000,
        "sellinggeneralandadministrativeexpense": 528000000,
        "researchanddevelopmentexpense": 137000000,
        "costsandexpenses": 1712000000,
        "operatingincomeloss": 445000000,
        "investmentincomeinterest": 12000000,
        "interestexpense": 33000000,
        "othernonoperatingincomeexpense": -2000000,
        "incomelossfromcontinuingoperationsbeforeincometaxesminorityinterestandincomelossfromequitymethodinvestments": -155000000,
        "incometaxexpensebenefit": -4000000,
        "incomelossfromcontinuingoperations": 326000000,
        "netincomeloss": 326000000,
        "incomelossfromcontinuingoperationsperbasicshare": 1.69,
        "earningspersharebasic": 1.69,
        "incomelossfromcontinuingoperationsperdilutedshare": 1.65,
        "earningspersharediluted": 1.65,
        "commonstockdividendspersharedeclared": 0.545,
        "othercomprehensiveincomelossforeigncurrencytransactionandtranslationadjustmentnetoftax": -11000000,
        "othercomprehensiveincomelosspensionandotherpostretirementbenefitplansadjustmentnetoftax": -8000000,
        "othercomprehensiveincomelossderivativesqualifyingashedgesnetoftax": 1000000,
        "othercomprehensiveincomelossnetoftax": -2000000,
        "comprehensiveincomenetoftaxincludingportionattributabletononcontrollinginterest": 324000000
    },
    {
        "date": "2014-03-30",
        "symbol": "BDX",
        "period": "Q2",
        "salesrevenuenet": 653000000,
        "costofgoodsandservicessold": 1019000000,
        "sellinggeneralandadministrativeexpense": 525000000,
        "researchanddevelopmentexpense": 147000000,
        "costsandexpenses": 1690000000,
        "operatingincomeloss": 381000000,
        "investmentincomeinterest": 10000000,
        "interestexpense": 33000000,
        "othernonoperatingincomeexpense": 5000000,
        "incomelossfromcontinuingoperationsbeforeincometaxesminorityinterestandincomelossfromequitymethodinvestments": -152000000,
        "incometaxexpensebenefit": -4000000,
        "incomelossfromcontinuingoperations": 287000000,
        "profitloss": 287000000,
        "incomelossfromcontinuingoperationsperbasicshare": 1.48,
        "earningspersharebasic": 1.48,
        "incomelossfromcontinuingoperationsperdilutedshare": 1.45,
        "earningspersharediluted": 1.45,
        "commonstockdividendspersharedeclared": 0.545,
        "othercomprehensiveincomelossforeigncurrencytransactionandtranslationadjustmentnetoftax": 9000000,
        "othercomprehensiveincomelosspensionandotherpostretirementbenefitplansadjustmentnetoftax": -35000000,
        "othercomprehensiveincomelossderivativesqualifyingashedgesnetoftax": 1000000,
        "othercomprehensiveincomelossnetoftax": 45000000,
        "comprehensiveincomenetoftaxincludingportionattributabletononcontrollinginterest": 332000000
    },
    {
        "date": "2013-12-30",
        "symbol": "BDX",
        "period": "Q1",
        "salesrevenuenet": 672000000,
        "costofgoodsandservicessold": 980000000,
        "sellinggeneralandadministrativeexpense": 531000000,
        "researchanddevelopmentexpense": 126000000,
        "costsandexpenses": 1637000000,
        "operatingincomeloss": 378000000,
        "investmentincomeinterest": 14000000,
        "interestexpense": 34000000,
        "othernonoperatingincomeexpense": 1000000,
        "incomelossfromcontinuingoperationsbeforeincometaxesminorityinterestandincomelossfromequitymethodinvestments": -170000000,
        "incometaxexpensebenefit": -5000000,
        "incomelossfromcontinuingoperations": 271000000,
        "profitloss": 271000000,
        "incomelossfromcontinuingoperationsperbasicshare": 1.4,
        "earningspersharebasic": 1.4,
        "incomelossfromcontinuingoperationsperdilutedshare": 1.37,
        "earningspersharediluted": 1.37,
        "commonstockdividendspersharedeclared": 0.545,
        "othercomprehensiveincomelossforeigncurrencytransactionandtranslationadjustmentnetoftax": 6000000,
        "othercomprehensiveincomelosspensionandotherpostretirementbenefitplansadjustmentnetoftax": -9000000,
        "othercomprehensiveincomelossderivativesqualifyingashedgesnetoftax": 1000000,
        "othercomprehensiveincomelossnetoftax": 15000000,
        "comprehensiveincomenetoftaxincludingportionattributabletononcontrollinginterest": 287000000
    },
    {
        "date": "2013-06-29",
        "symbol": "BDX",
        "period": "Q3",
        "salesrevenuenet": 655110000,
        "costofgoodsandservicessold": 992673000,
        "sellinggeneralandadministrativeexpense": 534320000,
        "researchanddevelopmentexpense": 121116000,
        "costsandexpenses": 1648109000,
        "operatingincomeloss": 404555000,
        "investmentincomeinterest": 6272000,
        "interestexpense": 34573000,
        "othernonoperatingincomeexpense": 2809000,
        "incomelossfromcontinuingoperationsbeforeincometaxesminorityinterestandincomelossfromequitymethodinvestments": -171789000,
        "incometaxexpensebenefit": 7505000,
        "incomelossfromcontinuingoperations": 291878000,
        "incomelossfromdiscontinuedoperationsnetoftax": 9672000,
        "profitloss": 301550000,
        "incomelossfromcontinuingoperationsperbasicshare": 1.5,
        "incomelossfromdiscontinuedoperationsnetoftaxperbasicshare": 0.05,
        "earningspersharebasic": 1.55,
        "incomelossfromcontinuingoperationsperdilutedshare": 1.47,
        "incomelossfromdiscontinuedoperationsnetoftaxperdilutedshare": 0.05,
        "earningspersharediluted": 1.52,
        "commonstockdividendspersharedeclared": 0.495,
        "othercomprehensiveincomelossforeigncurrencytransactionandtranslationadjustmentnetoftax": -75263000,
        "othercomprehensiveincomelosspensionandotherpostretirementbenefitplansadjustmentnetoftax": -13603000,
        "othercomprehensiveincomelossavailableforsalesecuritiesadjustmentnetoftax": -2000,
        "othercomprehensiveincomelossderivativesqualifyingashedgesnetoftax": 579000,
        "othercomprehensiveincomelossnetoftax": -61083000,
        "comprehensiveincomenetoftaxincludingportionattributabletononcontrollinginterest": 240467000
    },
    {
        "date": "2013-03-30",
        "symbol": "BDX",
        "period": "Q2",
        "salesrevenuenet": 2000375000,
        "costofgoodsandservicessold": 982256000,
        "sellinggeneralandadministrativeexpense": 514611000,
        "researchanddevelopmentexpense": 122376000,
        "costsandexpenses": 1619243000,
        "operatingincomeloss": 381132000,
        "interestincome": 11818000,
        "interestexpense": 34732000,
        "othernonoperatingincomeexpense": 2253000,
        "incomelossfromcontinuingoperationsbeforeincometaxesminorityinterestandincomelossfromequitymethodinvestments": 360471000,
        "incometaxexpensebenefit": 84350000,
        "incomelossfromcontinuingoperations": 276121000,
        "incomelossfromdiscontinuedoperationsnetoftax": -484000,
        "profitloss": 275637000,
        "incomelossfromcontinuingoperationsperbasicshare": 1.4100000000000001,
        "incomelossfromdiscontinuedoperationsnetoftaxperbasicshare": 0,
        "earningspersharebasic": 1.4300000000000002,
        "incomelossfromcontinuingoperationsperdilutedshare": 1.3900000000000001,
        "incomelossfromdiscontinuedoperationsnetoftaxperdilutedshare": 0,
        "earningspersharediluted": 1.4000000000000004,
        "commonstockdividendspersharedeclared": 0.495,
        "othercomprehensiveincomelosspensionandotherpostretirementbenefitplansadjustmentnetoftax": -13603000,
        "othercomprehensiveincomelossnetoftax": -56572000,
        "comprehensiveincomenetoftaxincludingportionattributabletononcontrollinginterest": 219065000
    },
    {
        "date": "2012-12-30",
        "symbol": "BDX",
        "period": "Q1",
        "salesrevenuenet": 1900192000,
        "costofgoodsandservicessold": 894063000,
        "sellinggeneralandadministrativeexpense": 495878000,
        "researchanddevelopmentexpense": 118162000,
        "costsandexpenses": 1508103000,
        "operatingincomeloss": 392089000,
        "interestincome": 7922000,
        "interestexpense": 35029000,
        "othernonoperatingincomeexpense": 714000,
        "incomelossfromcontinuingoperationsbeforeincometaxesminorityinterestandincomelossfromequitymethodinvestments": 365696000,
        "incometaxexpensebenefit": 95447000,
        "incomelossfromcontinuingoperations": 270249000,
        "incomelossfromdiscontinuedoperationsnetoftax": 355187000,
        "profitloss": 625436000,
        "incomelossfromcontinuingoperationsperbasicshare": 1.38,
        "incomelossfromdiscontinuedoperationsnetoftaxperbasicshare": 1.81,
        "earningspersharebasic": 3.18,
        "incomelossfromcontinuingoperationsperdilutedshare": 1.35,
        "incomelossfromdiscontinuedoperationsnetoftaxperdilutedshare": 1.78,
        "earningspersharediluted": 3.13,
        "commonstockdividendspersharedeclared": 0.495,
        "othercomprehensiveincomeforeigncurrencytransactionandtranslationgainlossarisingduringperiodnetoftax": 37925000,
        "othercomprehensiveincomelosspensionandotherpostretirementbenefitplansadjustmentnetoftax": -13604000,
        "availableforsalesecuritieschangeinnetunrealizedholdinggainlossnetoftax": -3000,
        "othercomprehensiveincomeunrealizedgainlossonderivativesarisingduringperiodnetoftax": 3788000,
        "othercomprehensiveincomelossnetoftax": 55314000,
        "comprehensiveincomenetoftaxincludingportionattributabletononcontrollinginterest": 680750000
    },
    {
        "date": "2012-09-29",
        "symbol": "BDX",
        "period": "Q4",
        "salesrevenuenet": -4700365000,
        "costofgoodsandservicessold": 910979000,
        "sellinggeneralandadministrativeexpense": 470246000,
        "researchanddevelopmentexpense": 124304000,
        "costsandexpenses": 1505529000,
        "operatingincomeloss": 343860000,
        "interestexpense": 35291000,
        "interestincome": 11954000,
        "othernonoperatingincomeexpense": -3543000,
        "incomelossfromcontinuingoperationsbeforeincometaxesminorityinterestandincomelossfromequitymethodinvestments": 316980000,
        "incometaxexpensebenefit": 72591000,
        "incomelossfromcontinuingoperations": 244389000,
        "incomelossfromdiscontinuedoperationsnetoftax": 44654000,
        "profitloss": 289043000,
        "incomelossfromcontinuingoperationsperbasicshare": 1.2200000000000002,
        "earningspersharebasic": 1.4300000000000002,
        "incomelossfromcontinuingoperationsperdilutedshare": 1.19,
        "earningspersharediluted": 1.4000000000000004
    },
    {
        "date": "2012-06-29",
        "symbol": "BDX",
        "period": "Q3",
        "salesrevenuenet": 1980530000,
        "costofgoodsandservicessold": 947395000,
        "sellinggeneralandadministrativeexpense": 469130000,
        "researchanddevelopmentexpense": 114987000,
        "costsandexpenses": 1531512000,
        "operatingincomeloss": 449018000,
        "interestincome": 6253000,
        "interestexpense": 34849000,
        "othernonoperatingincomeexpense": -1881000,
        "incomelossfromcontinuingoperationsbeforeincometaxesminorityinterestandincomelossfromequitymethodinvestments": 418541000,
        "incometaxexpensebenefit": 106960000,
        "incomelossfromcontinuingoperations": 311581000,
        "incomelossfromdiscontinuedoperationsnetoftax": 15285000,
        "profitloss": 326866000,
        "incomelossfromcontinuingoperationsperbasicshare": 1.54,
        "incomelossfromdiscontinuedoperationsnetoftaxperbasicshare": 0.08,
        "earningspersharebasic": 1.62,
        "incomelossfromcontinuingoperationsperdilutedshare": 1.52,
        "incomelossfromdiscontinuedoperationsnetoftaxperdilutedshare": 0.07,
        "earningspersharediluted": 1.59,
        "commonstockdividendspersharedeclared": 0.45
    },
    {
        "date": "2012-03-30",
        "symbol": "BDX",
        "period": "Q2",
        "salesrevenuenet": 1990818000,
        "costofgoodsandservicessold": 970832000,
        "sellinggeneralandadministrativeexpense": 495020000,
        "researchanddevelopmentexpense": 118528000,
        "costsandexpenses": 1584380000,
        "operatingincomeloss": 406438000,
        "interestincome": 16678000,
        "interestexpense": 35140000,
        "othernonoperatingincomeexpense": 4657000,
        "incomelossfromcontinuingoperationsbeforeincometaxesminorityinterestandincomelossfromequitymethodinvestments": 392633000,
        "incometaxexpensebenefit": 102085000,
        "incomelossfromcontinuingoperations": 290548000,
        "incomelossfromdiscontinuedoperationsnetoftax": 485000,
        "profitloss": 291033000,
        "incomelossfromcontinuingoperationsperbasicshare": 1.41,
        "earningspersharebasic": 1.41,
        "incomelossfromcontinuingoperationsperdilutedshare": 1.38,
        "earningspersharediluted": 1.39,
        "commonstockdividendspersharedeclared": 0.45
    },
    {
        "date": "2011-12-30",
        "symbol": "BDX",
        "period": "Q1",
        "salesrevenuenet": 1887645000,
        "costofgoodsandservicessold": 926182000,
        "sellinggeneralandadministrativeexpense": 488958000,
        "researchanddevelopmentexpense": 113936000,
        "costsandexpenses": 1529076000,
        "operatingincomeloss": 358569000,
        "interestincome": 15448000,
        "interestexpense": 29378000,
        "othernonoperatingincomeexpense": -385000,
        "incomelossfromcontinuingoperationsbeforeincometaxesminorityinterestandincomelossfromequitymethodinvestments": 344254000,
        "incometaxexpensebenefit": 81244000,
        "incomelossfromcontinuingoperations": 263010000,
        "incomelossfromdiscontinuedoperationsnetoftax": -25000,
        "profitloss": 262985000,
        "incomelossfromcontinuingoperationsperbasicshare": 1.23,
        "earningspersharebasic": 1.23,
        "incomelossfromcontinuingoperationsperdilutedshare": 1.21,
        "earningspersharediluted": 1.21,
        "commonstockdividendspersharedeclared": 0.45
    },
    {
        "date": "2011-06-29",
        "symbol": "BDX",
        "period": "Q3",
        "salesrevenuenet": 2014081000,
        "costofgoodsandservicessold": 951980000,
        "sellinggeneralandadministrativeexpense": 474646000,
        "researchanddevelopmentexpenseoperating": 115748000,
        "costsandexpenses": 1542374000,
        "operatingincomeloss": 471707000,
        "interestincome": 11508000,
        "interestexpense": 22211000,
        "othernonoperatingincomeexpense": -363000,
        "incomelossfromcontinuingoperationsbeforeincometaxesminorityinterestandincomelossfromequitymethodinvestments": 460641000,
        "incometaxexpensebenefit": 122531000,
        "incomelossfromcontinuingoperations": 338110000,
        "incomelossfromdiscontinuedoperationsnetoftax": 4948000,
        "profitloss": 343058000,
        "incomelossfromcontinuingoperationsperbasicshare": 1.54,
        "incomelossfromdiscontinuedoperationsnetoftaxperbasicshare": 0.02,
        "earningspersharebasic": 1.57,
        "incomelossfromcontinuingoperationsperdilutedshare": 1.51,
        "incomelossfromdiscontinuedoperationsnetoftaxperdilutedshare": 0.02,
        "earningspersharediluted": 1.53,
        "commonstockdividendspersharedeclared": 0.41
    },
    {
        "date": "2011-03-30",
        "symbol": "BDX",
        "period": "Q2",
        "salesrevenuenet": 1922023000,
        "costofgoodsandservicessold": 920589000,
        "sellinggeneralandadministrativeexpense": 441943000,
        "researchanddevelopmentexpenseoperating": 119151000,
        "costsandexpenses": 1481683000,
        "operatingincomeloss": 440340000,
        "interestincome": 14564000,
        "interestexpense": 23921000,
        "othernonoperatingincomeexpense": -2522000,
        "incomelossfromcontinuingoperationsbeforeincometaxesminorityinterestandincomelossfromequitymethodinvestments": 428461000,
        "incometaxexpensebenefit": 117398000,
        "incomelossfromcontinuingoperations": 311063000,
        "incomelossfromdiscontinuedoperationsnetoftax": 956000,
        "profitloss": 312019000,
        "incomelossfromcontinuingoperationsperbasicshare": 1.4100000000000001,
        "incomelossfromdiscontinuedoperationsnetoftaxperbasicshare": 0,
        "earningspersharebasic": 1.41,
        "incomelossfromcontinuingoperationsperdilutedshare": 1.37,
        "incomelossfromdiscontinuedoperationsnetoftaxperdilutedshare": 0,
        "earningspersharediluted": 1.3800000000000001,
        "commonstockdividendspersharedeclared": 0.41
    },
    {
        "date": "2010-12-30",
        "symbol": "BDX",
        "period": "Q1",
        "salesrevenuenet": 1842005000,
        "costofgoodsandservicessold": 865431000,
        "sellinggeneralandadministrativeexpense": 447954000,
        "researchanddevelopmentexpenseoperating": 115542000,
        "costsandexpenses": 1428927000,
        "operatingincomeloss": 413078000,
        "interestincome": 15222000,
        "interestexpense": 15553000,
        "othernonoperatingincomeexpense": -4596000,
        "incomelossfromcontinuingoperationsbeforeincometaxesminorityinterestandincomelossfromequitymethodinvestments": 408151000,
        "incometaxexpensebenefit": 93875000,
        "incomelossfromcontinuingoperations": 314276000,
        "incomelossfromdiscontinuedoperationsnetoftax": 1661000,
        "profitloss": 315937000,
        "incomelossfromcontinuingoperationsperbasicshare": 1.38,
        "incomelossfromdiscontinuedoperationsnetoftaxperbasicshare": 0.01,
        "earningspersharebasic": 1.39,
        "incomelossfromcontinuingoperationsperdilutedshare": 1.35,
        "incomelossfromdiscontinuedoperationsnetoftaxperdilutedshare": 0.01,
        "earningspersharediluted": 1.36,
        "commonstockdividendspersharedeclared": 0.41
    },
    {
        "date": "2010-09-29",
        "symbol": "BDX",
        "period": "Q4",
        "salesrevenuenet": 3301585000,
        "costofgoodsandservicessold": 830924000,
        "sellinggeneralandadministrativeexpense": 420398000,
        "researchanddevelopmentexpenseoperating": 120972000,
        "costsandexpenses": 1372294000,
        "operatingincomeloss": 360182000,
        "interestexpense": 12278000,
        "interestincome": 14594000,
        "othernonoperatingincomeexpense": 1339000,
        "incomelossfromcontinuingoperationsbeforeincometaxesminorityinterestandincomelossfromequitymethodinvestments": 363837000,
        "incometaxexpensebenefit": 107483000,
        "incomelossfromcontinuingoperations": 256354000,
        "incomelossfromcontinuingoperationsperbasicshare": 1.1099999999999994,
        "earningspersharebasic": 1.71,
        "incomelossfromcontinuingoperationsperdilutedshare": 1.07,
        "earningspersharediluted": 1.66
    },
    {
        "date": "2010-06-29",
        "symbol": "BDX",
        "period": "Q3",
        "salesrevenuenet": 309120000,
        "costofgoodsandservicessold": 905822000,
        "sellinggeneralandadministrativeexpense": 423684000,
        "researchanddevelopmentexpenseoperating": 108623000,
        "costsandexpenses": 1438129000,
        "operatingincomeloss": 440100000,
        "interestincome": 2094000,
        "interestexpense": 13085000,
        "othernonoperatingincomeexpense": 1348000,
        "incomelossfromcontinuingoperationsbeforeincometaxesminorityinterestandincomelossfromequitymethodinvestments": 430457000,
        "incometaxexpensebenefit": 124174000,
        "incomelossfromcontinuingoperations": 306283000,
        "incomelossfromdiscontinuedoperationsnetoftax": 625000,
        "profitloss": 306908000,
        "incomelossfromcontinuingoperationsperbasicshare": 1.31,
        "earningspersharebasic": 1.32,
        "incomelossfromcontinuingoperationsperdilutedshare": 1.29,
        "earningspersharediluted": 1.29,
        "commonstockdividendspersharedeclared": 0.37
    },
    {
        "date": "2010-03-30",
        "symbol": "BDX",
        "period": "Q2",
        "salesrevenuenet": 1844854000,
        "costofgoodsandservicessold": 886895000,
        "sellinggeneralandadministrativeexpense": 426346000,
        "researchanddevelopmentexpenseoperating": 101118000,
        "costsandexpenses": 1414359000,
        "operatingincomeloss": 430495000,
        "interestincome": 9652000,
        "interestexpense": 12913000,
        "othernonoperatingincomeexpense": 164000,
        "incomelossfromcontinuingoperationsbeforeincometaxesminorityinterestandincomelossfromequitymethodinvestments": 427398000,
        "incometaxexpensebenefit": 129673000,
        "incomelossfromcontinuingoperations": 297725000,
        "incomelossfromdiscontinuedoperationsnetoftaxattributabletoreportingentity": -94000,
        "netincomeloss": 297631000,
        "incomelossfromcontinuingoperationsperbasicshare": 1.27,
        "earningspersharebasic": 1.26,
        "incomelossfromcontinuingoperationsperdilutedshare": 1.24,
        "earningspersharediluted": 1.24,
        "commonstockdividendspersharedeclared": 0.37
    },
    {
        "date": "2009-12-30",
        "symbol": "BDX",
        "period": "Q1",
        "salesrevenuenet": 1916774000,
        "costofgoodsandservicessold": 919542000,
        "sellinggeneralandadministrativeexpense": 450928000,
        "researchanddevelopmentexpenseoperating": 100284000,
        "costsandexpenses": 1470754000,
        "operatingincomeloss": 446020000,
        "interestincome": 8789000,
        "interestexpense": 12987000,
        "othernonoperatingincomeexpense": -2354000,
        "incomelossfromcontinuingoperationsbeforeincometaxesminorityinterestandincomelossfromequitymethodinvestments": 439468000,
        "incometaxexpensebenefit": 123490000,
        "incomelossfromcontinuingoperations": 315978000,
        "incomelossfromdiscontinuedoperationsnetoftaxattributabletoreportingentity": 398000,
        "netincomeloss": 316376000,
        "incomelossfromcontinuingoperationsperbasicshare": 1.33,
        "earningspersharebasic": 1.33,
        "incomelossfromcontinuingoperationsperdilutedshare": 1.3,
        "earningspersharediluted": 1.3,
        "commonstockdividendspersharedeclared": 0.37
    },
    {
        "date": "2009-06-29",
        "symbol": "BDX",
        "period": "Q3",
        "salesrevenuenet": 1820255000,
        "costofgoodsandservicessold": 860063000,
        "sellinggeneralandadministrativeexpense": 429940000,
        "researchanddevelopmentexpenseoperating": 98489000,
        "costsandexpenses": 1388492000,
        "operatingincomeloss": 431763000,
        "interestincome": 12767000,
        "interestexpense": 11288000,
        "othernonoperatingincomeexpense": -4247000,
        "incomelossfromcontinuingoperationsbeforeincometaxesminorityinterestandincomelossfromequitymethodinvestments": 428995000,
        "incometaxexpensebenefit": 90291000,
        "incomelossfromcontinuingoperations": 338704000,
        "incomelossfromdiscontinuedoperationsnetoftaxattributabletoreportingentity": 2323000,
        "netincomeloss": 341027000,
        "incomelossfromcontinuingoperationsperbasicshare": 1.41,
        "incomelossfromdiscontinuedoperationsnetoftaxperbasicshare": 0.01,
        "earningspersharebasic": 1.42,
        "incomelossfromcontinuingoperationsperdilutedshare": 1.38,
        "incomelossfromdiscontinuedoperationsnetoftaxperdilutedshare": 0.01,
        "earningspersharediluted": 1.39,
        "commonstockdividendspersharecashpaid": 0.33
    }
]