[
    {
        "date": "2024-10-24",
        "symbol": "NTAP",
        "period": "Q2",
        "revenuefromcontractwithcustomerexcludingassessedtax": 807000000,
        "costofgoodsandservicessold": 481000000,
        "grossprofit": 1177000000,
        "sellingandmarketingexpense": 485000000,
        "researchanddevelopmentexpense": 257000000,
        "generalandadministrativeexpense": 77000000,
        "restructuringcharges": 12000000,
        "businesscombinationacquisitionrelatedcosts": 1000000,
        "operatingexpenses": 832000000,
        "operatingincomeloss": 345000000,
        "nonoperatingincomeexpense": 15000000,
        "incomelossfromcontinuingoperationsbeforeincometaxesextraordinaryitemsnoncontrollinginterest": 360000000,
        "incometaxexpensebenefit": 61000000,
        "netincomeloss": 299000000,
        "earningspersharebasic": 1.47,
        "earningspersharediluted": 1.42,
        "weightedaveragenumberofsharesoutstandingbasic": 204000000,
        "weightedaveragenumberofdilutedsharesoutstanding": 210000000,
        "othercomprehensiveincomeforeigncurrencytransactionandtranslationgainlossbeforereclassificationandtax": 3000000,
        "othercomprehensiveincomeunrealizedholdinggainlossonsecuritiesarisingduringperiodbeforetax": 1000000,
        "othercomprehensiveincomelosscashflowhedgegainlossreclassificationbeforetax": -2000000,
        "othercomprehensiveincomelosscashflowhedgegainlossbeforereclassificationandtax": -2000000,
        "othercomprehensiveincomelossnetoftaxportionattributabletoparent": 4000000,
        "comprehensiveincomenetoftax": 303000000
    },
    {
        "date": "2024-07-25",
        "symbol": "NTAP",
        "period": "Q1",
        "revenuefromcontractwithcustomerexcludingassessedtax": 699000000,
        "costofgoodsandservicessold": 443000000,
        "grossprofit": 1098000000,
        "sellingandmarketingexpense": 471000000,
        "researchanddevelopmentexpense": 252000000,
        "generalandadministrativeexpense": 75000000,
        "restructuringcharges": 17000000,
        "businesscombinationacquisitionrelatedcosts": 1000000,
        "operatingexpenses": 816000000,
        "operatingincomeloss": 282000000,
        "nonoperatingincomeexpense": 17000000,
        "incomelossfromcontinuingoperationsbeforeincometaxesextraordinaryitemsnoncontrollinginterest": 299000000,
        "incometaxexpensebenefit": 51000000,
        "netincomeloss": 248000000,
        "earningspersharebasic": 1.2,
        "earningspersharediluted": 1.17,
        "weightedaveragenumberofsharesoutstandingbasic": 206000000,
        "weightedaveragenumberofdilutedsharesoutstanding": 212000000,
        "othercomprehensiveincomeforeigncurrencytransactionandtranslationgainlossbeforereclassificationandtax": 1000000,
        "othercomprehensiveincomelosscashflowhedgegainlossbeforereclassificationandtax": -1000000,
        "othercomprehensiveincomelossnetoftaxportionattributabletoparent": -1000000,
        "comprehensiveincomenetoftax": 248000000
    },
    {
        "date": "2024-04-25",
        "symbol": "NTAP",
        "period": "Q4",
        "revenuefromcontractwithcustomerexcludingassessedtax": 806000000,
        "costofgoodsandservicessold": 314000000,
        "grossprofit": 1176000000,
        "sellingandmarketingexpense": 460000000,
        "researchanddevelopmentexpense": 271000000,
        "generalandadministrativeexpense": 78000000,
        "restructuringcharges": 0,
        "businesscombinationacquisitionrelatedcosts": 1000000,
        "operatingexpenses": 810000000,
        "operatingincomeloss": 366000000,
        "nonoperatingincomeexpense": 14000000,
        "incomelossfromcontinuingoperationsbeforeincometaxesextraordinaryitemsnoncontrollinginterest": 380000000,
        "incometaxexpensebenefit": 89000000,
        "netincomeloss": 291000000,
        "earningspersharebasic": 1.4100000000000004,
        "earningspersharediluted": 1.37,
        "weightedaveragenumberofsharesoutstandingbasic": 208000000,
        "weightedaveragenumberofdilutedsharesoutstanding": 213000000,
        "othercomprehensiveincomeforeigncurrencytransactionandtranslationgainlossbeforereclassificationandtax": -2000000,
        "othercomprehensiveincomelosscashflowhedgegainlossbeforereclassificationandtax": 1000000,
        "othercomprehensiveincomelosscashflowhedgegainlossreclassificationbeforetax": -1000000,
        "othercomprehensiveincomelossnetoftaxportionattributabletoparent": -4000000,
        "comprehensiveincomenetoftax": 287000000
    },
    {
        "date": "2024-01-25",
        "symbol": "NTAP",
        "period": "Q3",
        "revenuefromcontractwithcustomerexcludingassessedtax": 638000000,
        "costofgoodsandservicessold": 111000000,
        "grossprofit": 1151000000,
        "sellingandmarketingexpense": 439000000,
        "researchanddevelopmentexpense": 249000000,
        "generalandadministrativeexpense": 81000000,
        "restructuringcharges": 13000000,
        "businesscombinationacquisitionrelatedcosts": 3000000,
        "operatingexpenses": 785000000,
        "operatingincomeloss": 366000000,
        "nonoperatingincomeexpense": 16000000,
        "incomelossfromcontinuingoperationsbeforeincometaxesextraordinaryitemsnoncontrollinginterest": 382000000,
        "incometaxexpensebenefit": 69000000,
        "netincomeloss": 313000000,
        "earningspersharebasic": 1.51,
        "earningspersharediluted": 1.4699999999999998,
        "weightedaveragenumberofsharesoutstandingbasic": 209000000,
        "weightedaveragenumberofdilutedsharesoutstanding": 213000000,
        "othercomprehensiveincomeforeigncurrencytransactionandtranslationgainlossbeforereclassificationandtax": 2000000,
        "othercomprehensiveincomelosscashflowhedgegainlossbeforereclassificationandtax": -4000000,
        "othercomprehensiveincomelosscashflowhedgegainlossreclassificationbeforetax": -2000000,
        "othercomprehensiveincomelossnetoftaxportionattributabletoparent": 2000000,
        "comprehensiveincomenetoftax": 313000000
    },
    {
        "date": "2023-10-26",
        "symbol": "NTAP",
        "period": "Q2",
        "revenuefromcontractwithcustomerexcludingassessedtax": 706000000,
        "costofgoodsandservicessold": 276000000,
        "grossprofit": 1110000000,
        "sellingandmarketingexpense": 461000000,
        "researchanddevelopmentexpense": 262000000,
        "generalandadministrativeexpense": 75000000,
        "restructuringcharges": 5000000,
        "businesscombinationacquisitionrelatedcosts": 3000000,
        "operatingexpenses": 806000000,
        "operatingincomeloss": 304000000,
        "nonoperatingincomeexpense": 11000000,
        "incomelossfromcontinuingoperationsbeforeincometaxesextraordinaryitemsnoncontrollinginterest": 315000000,
        "incometaxexpensebenefit": 82000000,
        "netincomeloss": 233000000,
        "earningspersharebasic": 1.12,
        "earningspersharediluted": 1.1,
        "weightedaveragenumberofsharesoutstandingbasic": 208000000,
        "weightedaveragenumberofdilutedsharesoutstanding": 211000000,
        "othercomprehensiveincomeforeigncurrencytransactionandtranslationgainlossbeforereclassificationandtax": -7000000,
        "othercomprehensiveincomelosscashflowhedgegainlossbeforereclassificationandtax": 3000000,
        "othercomprehensiveincomelosscashflowhedgegainlossreclassificationbeforetax": 3000000,
        "othercomprehensiveincomelossnetoftaxportionattributabletoparent": -7000000,
        "comprehensiveincomenetoftax": 226000000
    },
    {
        "date": "2023-07-27",
        "symbol": "NTAP",
        "period": "Q1",
        "revenuefromcontractwithcustomerexcludingassessedtax": 699000000,
        "costofgoodsandservicessold": 436000000,
        "grossprofit": 996000000,
        "sellingandmarketingexpense": 468000000,
        "researchanddevelopmentexpense": 247000000,
        "generalandadministrativeexpense": 74000000,
        "restructuringcharges": 26000000,
        "businesscombinationacquisitionrelatedcosts": 3000000,
        "operatingexpenses": 818000000,
        "operatingincomeloss": 178000000,
        "nonoperatingincomeexpense": 8000000,
        "incomelossfromcontinuingoperationsbeforeincometaxesextraordinaryitemsnoncontrollinginterest": 186000000,
        "incometaxexpensebenefit": 37000000,
        "netincomeloss": 149000000,
        "earningspersharebasic": 0.7,
        "earningspersharediluted": 0.69,
        "weightedaveragenumberofsharesoutstandingbasic": 212000000,
        "weightedaveragenumberofdilutedsharesoutstanding": 216000000,
        "othercomprehensiveincomeforeigncurrencytransactionandtranslationgainlossbeforereclassificationandtax": 2000000,
        "othercomprehensiveincomelosscashflowhedgegainlossbeforereclassificationandtax": 2000000,
        "othercomprehensiveincomelosscashflowhedgegainlossreclassificationbeforetax": 1000000,
        "othercomprehensiveincomelossnetoftaxportionattributabletoparent": 1000000,
        "comprehensiveincomenetoftax": 152000000
    },
    {
        "date": "2023-01-26",
        "symbol": "NTAP",
        "period": "Q3",
        "revenuefromcontractwithcustomerexcludingassessedtax": 714000000,
        "costofgoodsandservicessold": 525000000,
        "grossprofit": 1001000000,
        "sellingandmarketingexpense": 450000000,
        "researchanddevelopmentexpense": 230000000,
        "generalandadministrativeexpense": 59000000,
        "restructuringcharges": 87000000,
        "businesscombinationacquisitionrelatedcosts": 3000000,
        "operatingexpenses": 829000000,
        "operatingincomeloss": 172000000,
        "nonoperatingincomeexpense": 5000000,
        "incomelossfromcontinuingoperationsbeforeincometaxesextraordinaryitemsnoncontrollinginterest": 177000000,
        "incometaxexpensebenefit": 112000000,
        "netincomeloss": 65000000,
        "earningspersharebasic": 0.3,
        "earningspersharediluted": 0.3,
        "weightedaveragenumberofsharesoutstandingbasic": 216000000,
        "weightedaveragenumberofdilutedsharesoutstanding": 219000000,
        "othercomprehensiveincomeforeigncurrencytransactionandtranslationgainlossbeforereclassificationandtax": 12000000,
        "othercomprehensiveincomelosscashflowhedgegainlossbeforereclassificationandtax": -11000000,
        "othercomprehensiveincomelosscashflowhedgegainlossreclassificationbeforetax": -6000000,
        "othercomprehensiveincomelossnetoftaxportionattributabletoparent": 7000000,
        "comprehensiveincomenetoftax": 72000000
    },
    {
        "date": "2022-10-27",
        "symbol": "NTAP",
        "period": "Q2",
        "revenuefromcontractwithcustomerexcludingassessedtax": 769000000,
        "costofgoodsandservicessold": 576000000,
        "grossprofit": 1087000000,
        "sellingandmarketingexpense": 479000000,
        "researchanddevelopmentexpense": 243000000,
        "generalandadministrativeexpense": 67000000,
        "restructuringcharges": 11000000,
        "businesscombinationacquisitionrelatedcosts": 5000000,
        "operatingexpenses": 805000000,
        "operatingincomeloss": 282000000,
        "nonoperatingincomeexpense": 23000000,
        "incomelossfromcontinuingoperationsbeforeincometaxesextraordinaryitemsnoncontrollinginterest": 305000000,
        "incometaxexpensebenefit": -445000000,
        "netincomeloss": 750000000,
        "earningspersharebasic": 3.46,
        "earningspersharediluted": 3.41,
        "weightedaveragenumberofsharesoutstandingbasic": 217000000,
        "weightedaveragenumberofdilutedsharesoutstanding": 220000000,
        "othercomprehensiveincomeforeigncurrencytransactionandtranslationgainlossbeforereclassificationandtax": -15000000,
        "othercomprehensiveincomelosscashflowhedgegainlossbeforereclassificationandtax": 4000000,
        "othercomprehensiveincomelosscashflowhedgegainlossreclassificationbeforetax": 3000000,
        "othercomprehensiveincomelossnetoftaxportionattributabletoparent": -14000000,
        "comprehensiveincomenetoftax": 736000000
    },
    {
        "date": "2022-07-28",
        "symbol": "NTAP",
        "period": "Q1",
        "revenuefromcontractwithcustomerexcludingassessedtax": 758000000,
        "costofgoodsandservicessold": 546000000,
        "grossprofit": 1046000000,
        "sellingandmarketingexpense": 458000000,
        "researchanddevelopmentexpense": 240000000,
        "generalandadministrativeexpense": 72000000,
        "restructuringcharges": 11000000,
        "businesscombinationacquisitionrelatedcosts": 10000000,
        "operatingexpenses": 791000000,
        "operatingincomeloss": 255000000,
        "nonoperatingincomeexpense": 15000000,
        "incomelossfromcontinuingoperationsbeforeincometaxesextraordinaryitemsnoncontrollinginterest": 270000000,
        "incometaxexpensebenefit": 56000000,
        "netincomeloss": 214000000,
        "earningspersharebasic": 0.97,
        "earningspersharediluted": 0.96,
        "weightedaveragenumberofsharesoutstandingbasic": 220000000,
        "weightedaveragenumberofdilutedsharesoutstanding": 224000000,
        "othercomprehensiveincomeforeigncurrencytransactionandtranslationgainlossbeforereclassificationandtax": -3000000,
        "othercomprehensiveincomelosscashflowhedgegainlossreclassificationbeforetax": 1000000,
        "othercomprehensiveincomelossnetoftaxportionattributabletoparent": -1000000,
        "comprehensiveincomenetoftax": 210000000
    },
    {
        "date": "2022-04-28",
        "symbol": "NTAP",
        "period": "Q4",
        "revenuefromcontractwithcustomerexcludingassessedtax": 776000000,
        "costofgoodsandservicessold": 591000000,
        "grossprofit": 1089000000,
        "sellingandmarketingexpense": 480000000,
        "researchanddevelopmentexpense": 235000000,
        "generalandadministrativeexpense": 72000000,
        "businesscombinationacquisitionrelatedcosts": 5000000,
        "operatingexpenses": 796000000,
        "operatingincomeloss": 293000000,
        "nonoperatingincomeexpense": -21000000,
        "incomelossfromcontinuingoperationsbeforeincometaxesextraordinaryitemsnoncontrollinginterest": 272000000,
        "incometaxexpensebenefit": 13000000,
        "netincomeloss": 259000000,
        "earningspersharebasic": 1.1600000000000001,
        "earningspersharediluted": 1.13,
        "othercomprehensiveincomeforeigncurrencytransactionandtranslationgainlossbeforereclassificationandtax": -6000000,
        "othercomprehensiveincomelosscashflowhedgegainlossbeforereclassificationandtax": 2000000,
        "comprehensiveincomenetoftax": 256000000
    },
    {
        "date": "2022-01-27",
        "symbol": "NTAP",
        "period": "Q3",
        "revenuefromcontractwithcustomerexcludingassessedtax": 796000000,
        "costofgoodsandservicessold": 541000000,
        "grossprofit": 1073000000,
        "sellingandmarketingexpense": 461000000,
        "researchanddevelopmentexpense": 220000000,
        "generalandadministrativeexpense": 65000000,
        "restructuringcharges": 0,
        "businesscombinationacquisitionrelatedcosts": 6000000,
        "operatingexpenses": 752000000,
        "operatingincomeloss": 321000000,
        "nonoperatingincomeexpense": -15000000,
        "incomelossfromcontinuingoperationsbeforeincometaxesextraordinaryitemsnoncontrollinginterest": 306000000,
        "incometaxexpensebenefit": 54000000,
        "netincomeloss": 252000000,
        "earningspersharebasic": 1.13,
        "earningspersharediluted": 1.1,
        "othercomprehensiveincomeforeigncurrencytransactionandtranslationgainlossbeforereclassificationandtax": -3000000,
        "othercomprehensiveincomelosscashflowhedgegainlossbeforereclassificationandtax": 4000000,
        "comprehensiveincomenetoftax": 249000000
    },
    {
        "date": "2021-10-28",
        "symbol": "NTAP",
        "period": "Q2",
        "revenuefromcontractwithcustomerexcludingassessedtax": 773000000,
        "costofgoodsandservicessold": 507000000,
        "grossprofit": 1059000000,
        "sellingandmarketingexpense": 465000000,
        "researchanddevelopmentexpense": 216000000,
        "generalandadministrativeexpense": 76000000,
        "restructuringcharges": 7000000,
        "businesscombinationacquisitionrelatedcosts": 1000000,
        "operatingexpenses": 765000000,
        "operatingincomeloss": 294000000,
        "nonoperatingincomeexpense": -14000000,
        "incomelossfromcontinuingoperationsbeforeincometaxesextraordinaryitemsnoncontrollinginterest": 280000000,
        "incometaxexpensebenefit": 56000000,
        "netincomeloss": 224000000,
        "earningspersharebasic": 0.9999999999999999,
        "earningspersharediluted": 0.9800000000000001,
        "weightedaveragenumberofsharesoutstandingbasic": 0,
        "weightedaveragenumberofdilutedsharesoutstanding": 0,
        "othercomprehensiveincomeforeigncurrencytransactionandtranslationgainlossbeforereclassificationandtax": -4000000,
        "othercomprehensiveincomeunrealizedholdinggainlossonsecuritiesarisingduringperiodbeforetax": 0,
        "othercomprehensiveincomelosscashflowhedgegainlossbeforereclassificationandtax": 1000000,
        "othercomprehensiveincomelossnetoftaxportionattributabletoparent": 0,
        "comprehensiveincomenetoftax": 220000000
    },
    {
        "date": "2021-07-29",
        "symbol": "NTAP",
        "period": "Q1",
        "revenuefromcontractwithcustomerexcludingassessedtax": 696000000,
        "costofgoodsandservicessold": 459000000,
        "grossprofit": 999000000,
        "sellingandmarketingexpense": 451000000,
        "researchanddevelopmentexpense": 210000000,
        "generalandadministrativeexpense": 66000000,
        "restructuringcharges": 22000000,
        "businesscombinationacquisitionrelatedcosts": 1000000,
        "operatingexpenses": 750000000,
        "operatingincomeloss": 249000000,
        "nonoperatingincomeexpense": -12000000,
        "incomelossfromcontinuingoperationsbeforeincometaxesextraordinaryitemsnoncontrollinginterest": 237000000,
        "incometaxexpensebenefit": 35000000,
        "netincomeloss": 202000000,
        "earningspersharebasic": 0.91,
        "earningspersharediluted": 0.88,
        "weightedaveragenumberofsharesoutstandingbasic": 223000000,
        "weightedaveragenumberofdilutedsharesoutstanding": 229000000,
        "othercomprehensiveincomeforeigncurrencytransactionandtranslationgainlossbeforereclassificationandtax": -4000000,
        "othercomprehensiveincomeunrealizedholdinggainlossonsecuritiesarisingduringperiodbeforetax": -1000000,
        "othercomprehensiveincomelosscashflowhedgegainlossbeforereclassificationandtax": 1000000,
        "othercomprehensiveincomelossnetoftaxportionattributabletoparent": 1000000,
        "comprehensiveincomenetoftax": 198000000
    },
    {
        "date": "2021-04-29",
        "symbol": "NTAP",
        "period": "Q4",
        "revenuefromcontractwithcustomerexcludingassessedtax": 749000000,
        "costofgoodsandservicessold": 520000000,
        "grossprofit": 1035000000,
        "sellingandmarketingexpense": 447000000,
        "researchanddevelopmentexpense": 221000000,
        "generalandadministrativeexpense": 66000000,
        "businesscombinationacquisitionrelatedcosts": 2000000,
        "operatingexpenses": 580000000,
        "operatingincomeloss": 455000000,
        "nonoperatingincomeexpense": -19000000,
        "incomelossfromcontinuingoperationsbeforeincometaxesextraordinaryitemsnoncontrollinginterest": 436000000,
        "incometaxexpensebenefit": 102000000,
        "netincomeloss": 334000000,
        "earningspersharebasic": 1.5100000000000002,
        "earningspersharediluted": 1.4699999999999998,
        "weightedaveragenumberofsharesoutstandingbasic": -223000000,
        "weightedaveragenumberofdilutedsharesoutstanding": -224000000,
        "othercomprehensiveincomelosscashflowhedgegainlossbeforereclassificationandtax": 2000000,
        "othercomprehensiveincomelosscashflowhedgegainlossreclassificationbeforetax": 0,
        "othercomprehensiveincomelossnetoftaxportionattributabletoparent": -2000000,
        "comprehensiveincomenetoftax": 338000000
    },
    {
        "date": "2021-01-28",
        "symbol": "NTAP",
        "period": "Q3",
        "revenuefromcontractwithcustomerexcludingassessedtax": 693000000,
        "costofgoodsandservicessold": 495000000,
        "grossprofit": 975000000,
        "sellingandmarketingexpense": 436000000,
        "researchanddevelopmentexpense": 215000000,
        "generalandadministrativeexpense": 63000000,
        "businesscombinationacquisitionrelatedcosts": 3000000,
        "operatingexpenses": 717000000,
        "operatingincomeloss": 258000000,
        "nonoperatingincomeexpense": -11000000,
        "incomelossfromcontinuingoperationsbeforeincometaxesextraordinaryitemsnoncontrollinginterest": 247000000,
        "incometaxexpensebenefit": 65000000,
        "netincomeloss": 182000000,
        "earningspersharebasic": 0.82,
        "earningspersharediluted": 0.8,
        "weightedaveragenumberofsharesoutstandingbasic": 223000000,
        "weightedaveragenumberofdilutedsharesoutstanding": 227000000,
        "othercomprehensiveincomeforeigncurrencytransactionandtranslationgainlossbeforereclassificationandtax": 1000000,
        "othercomprehensiveincomeunrealizedholdinggainlossonsecuritiesarisingduringperiodbeforetax": -1000000,
        "othercomprehensiveincomelosscashflowhedgegainlossbeforereclassificationandtax": -5000000,
        "othercomprehensiveincomelosscashflowhedgegainlossreclassificationbeforetax": -3000000,
        "othercomprehensiveincomelossnetoftaxportionattributabletoparent": -2000000,
        "comprehensiveincomenetoftax": 180000000
    },
    {
        "date": "2020-10-29",
        "symbol": "NTAP",
        "period": "Q2",
        "revenuefromcontractwithcustomerexcludingassessedtax": 705000000,
        "costofgoodsandservicessold": 483000000,
        "grossprofit": 933000000,
        "sellingandmarketingexpense": 432000000,
        "researchanddevelopmentexpense": 212000000,
        "generalandadministrativeexpense": 67000000,
        "restructuringcharges": 0,
        "businesscombinationacquisitionrelatedcosts": 3000000,
        "operatingexpenses": 751000000,
        "operatingincomeloss": 182000000,
        "nonoperatingincomeexpense": -7000000,
        "incomelossfromcontinuingoperationsbeforeincometaxesextraordinaryitemsnoncontrollinginterest": 175000000,
        "incometaxexpensebenefit": 38000000,
        "netincomeloss": 137000000,
        "earningspersharebasic": 0.61,
        "earningspersharediluted": 0.61,
        "weightedaveragenumberofsharesoutstandingbasic": 1000000,
        "weightedaveragenumberofdilutedsharesoutstanding": 1000000,
        "othercomprehensiveincomeforeigncurrencytransactionandtranslationgainlossbeforereclassificationandtax": 0,
        "othercomprehensiveincomeunrealizedholdinggainlossonsecuritiesarisingduringperiodbeforetax": -1000000,
        "othercomprehensiveincomelosscashflowhedgegainlossbeforereclassificationandtax": 1000000,
        "othercomprehensiveincomelosscashflowhedgegainlossreclassificationbeforetax": -7000000,
        "othercomprehensiveincomelossnetoftaxportionattributabletoparent": 9000000,
        "comprehensiveincomenetoftax": 144000000
    },
    {
        "date": "2020-07-30",
        "symbol": "NTAP",
        "period": "Q1",
        "revenuefromcontractwithcustomerexcludingassessedtax": 637000000,
        "costofgoodsandservicessold": 431000000,
        "grossprofit": 872000000,
        "sellingandmarketingexpense": 429000000,
        "researchanddevelopmentexpense": 233000000,
        "generalandadministrativeexpense": 61000000,
        "restructuringcharges": 5000000,
        "businesscombinationacquisitionrelatedcosts": 8000000,
        "operatingexpenses": 736000000,
        "operatingincomeloss": 136000000,
        "nonoperatingincomeexpense": -32000000,
        "incomelossfromcontinuingoperationsbeforeincometaxesextraordinaryitemsnoncontrollinginterest": 104000000,
        "incometaxexpensebenefit": 27000000,
        "netincomeloss": 77000000,
        "earningspersharebasic": 0.35,
        "earningspersharediluted": 0.35,
        "weightedaveragenumberofsharesoutstandingbasic": 221000000,
        "weightedaveragenumberofdilutedsharesoutstanding": 222000000,
        "othercomprehensiveincomeforeigncurrencytransactionandtranslationgainlossbeforereclassificationandtax": 9000000,
        "othercomprehensiveincomeunrealizedholdinggainlossonsecuritiesarisingduringperiodbeforetax": 2000000,
        "othercomprehensiveincomelosscashflowhedgegainlossbeforereclassificationandtax": -9000000,
        "othercomprehensiveincomelosscashflowhedgegainlossreclassificationbeforetax": -1000000,
        "othercomprehensiveincomelossnetoftaxportionattributabletoparent": -8000000,
        "comprehensiveincomenetoftax": 80000000
    },
    {
        "date": "2020-01-23",
        "symbol": "NTAP",
        "period": "Q3",
        "revenuefromcontractwithcustomerexcludingassessedtax": 787000000,
        "costofgoodsandservicessold": 360000000,
        "grossprofit": 941000000,
        "sellingandmarketingexpense": 402000000,
        "researchanddevelopmentexpense": 211000000,
        "generalandadministrativeexpense": 60000000,
        "operatingexpenses": 673000000,
        "operatingincomeloss": 268000000,
        "nonoperatingincomeexpense": 8000000,
        "incomelossfromcontinuingoperationsbeforeincometaxesextraordinaryitemsnoncontrollinginterest": 276000000,
        "incometaxexpensebenefit": -1000000,
        "netincomeloss": 277000000,
        "earningspersharebasic": 1.21,
        "earningspersharediluted": 1.2000000000000002,
        "weightedaveragenumberofsharesoutstandingbasic": -4000000,
        "weightedaveragenumberofdilutedsharesoutstanding": -4000000,
        "othercomprehensiveincomeforeigncurrencytransactionandtranslationgainlossbeforereclassificationandtax": 0,
        "othercomprehensiveincomeunrealizedholdinggainlossonsecuritiesarisingduringperiodbeforetax": 0,
        "othercomprehensiveincomeunrealizedgainlossonderivativesarisingduringperiodbeforetax": -2000000,
        "othercomprehensiveincomelossnetoftaxportionattributabletoparent": -3000000,
        "comprehensiveincomenetoftax": 274000000
    },
    {
        "date": "2019-10-24",
        "symbol": "NTAP",
        "period": "Q2",
        "revenuefromcontractwithcustomerexcludingassessedtax": 841000000,
        "costofgoodsandservicessold": 233000000,
        "grossprofit": 925000000,
        "sellingandmarketingexpense": 389000000,
        "researchanddevelopmentexpense": 209000000,
        "generalandadministrativeexpense": 69000000,
        "restructuringcharges": 0,
        "operatingexpenses": 629000000,
        "operatingincomeloss": 296000000,
        "nonoperatingincomeexpense": 3000000,
        "incomelossfromcontinuingoperationsbeforeincometaxesextraordinaryitemsnoncontrollinginterest": 299000000,
        "incometaxexpensebenefit": 56000000,
        "netincomeloss": 243000000,
        "earningspersharebasic": 1.03,
        "earningspersharediluted": 1.02,
        "weightedaveragenumberofsharesoutstandingbasic": -2000000,
        "weightedaveragenumberofdilutedsharesoutstanding": -3000000,
        "othercomprehensiveincomeforeigncurrencytransactionandtranslationgainlossbeforereclassificationandtax": -1000000,
        "othercomprehensiveincomeunrealizedholdinggainlossonsecuritiesarisingduringperiodbeforetax": 2000000,
        "othercomprehensiveincomelossreclassificationadjustmentfromaociforsaleofsecuritiesbeforetax": 0,
        "othercomprehensiveincomeunrealizedgainlossonderivativesarisingduringperiodbeforetax": 2000000,
        "othercomprehensiveincomelossnetoftaxportionattributabletoparent": 8000000,
        "comprehensiveincomenetoftax": 246000000
    },
    {
        "date": "2019-07-25",
        "symbol": "NTAP",
        "period": "Q1",
        "revenuefromcontractwithcustomerexcludingassessedtax": 574000000,
        "costofgoodsandservicessold": 420000000,
        "grossprofit": 816000000,
        "sellingandmarketingexpense": 405000000,
        "researchanddevelopmentexpense": 215000000,
        "generalandadministrativeexpense": 71000000,
        "restructuringcharges": 21000000,
        "operatingexpenses": 712000000,
        "operatingincomeloss": 104000000,
        "nonoperatingincomeexpense": 15000000,
        "incomelossfromcontinuingoperationsbeforeincometaxesextraordinaryitemsnoncontrollinginterest": 119000000,
        "incometaxexpensebenefit": 16000000,
        "netincomeloss": 103000000,
        "earningspersharebasic": 0.43,
        "earningspersharediluted": 0.42,
        "weightedaveragenumberofsharesoutstandingbasic": 239000000,
        "weightedaveragenumberofdilutedsharesoutstanding": 243000000,
        "othercomprehensiveincomeforeigncurrencytransactionandtranslationgainlossbeforereclassificationandtax": -1000000,
        "othercomprehensiveincomeunrealizedholdinggainlossonsecuritiesarisingduringperiodbeforetax": 20000000,
        "othercomprehensiveincomelossreclassificationadjustmentfromaociforsaleofsecuritiesbeforetax": 14000000,
        "othercomprehensiveincomeunrealizedgainlossonderivativesarisingduringperiodbeforetax": -1000000,
        "othercomprehensiveincomelossnetoftaxportionattributabletoparent": -1000000,
        "comprehensiveincomenetoftax": 107000000
    },
    {
        "date": "2019-01-24",
        "symbol": "NTAP",
        "period": "Q3",
        "revenuefromcontractwithcustomerexcludingassessedtax": 744000000,
        "costofgoodsandservicessold": 581000000,
        "grossprofit": 982000000,
        "sellingandmarketingexpense": 401000000,
        "researchanddevelopmentexpense": 203000000,
        "generalandadministrativeexpense": 67000000,
        "operatingexpenses": 671000000,
        "operatingincomeloss": 311000000,
        "nonoperatingincomeexpense": 8000000,
        "incomelossfromcontinuingoperationsbeforeincometaxesextraordinaryitemsnoncontrollinginterest": 319000000,
        "netincomeloss": 249000000,
        "earningspersharebasic": 0.9899999999999998,
        "earningspersharediluted": 0.9800000000000002,
        "weightedaveragenumberofsharesoutstandingbasic": -3000000,
        "weightedaveragenumberofdilutedsharesoutstanding": -4000000,
        "commonstockdividendspersharedeclared": 0.3999999999999999,
        "comprehensiveincomenetoftax": 256000000
    },
    {
        "date": "2018-10-25",
        "symbol": "NTAP",
        "period": "Q2",
        "revenuefromcontractwithcustomerexcludingassessedtax": 789000000,
        "costofgoodsandservicessold": 543000000,
        "grossprofit": 974000000,
        "sellingandmarketingexpense": 408000000,
        "researchanddevelopmentexpense": 211000000,
        "generalandadministrativeexpense": 69000000,
        "restructuringcharges": 0,
        "operatingexpenses": 688000000,
        "operatingincomeloss": 286000000,
        "nonoperatingincomeexpense": 7000000,
        "incomelossfromcontinuingoperationsbeforeincometaxesextraordinaryitemsnoncontrollinginterest": 293000000,
        "incometaxexpensebenefit": 0,
        "netincomeloss": 241000000,
        "earningspersharebasic": 0.94,
        "earningspersharediluted": 0.9099999999999999,
        "weightedaveragenumberofsharesoutstandingbasic": -2000000,
        "weightedaveragenumberofdilutedsharesoutstanding": -2000000,
        "commonstockdividendspersharedeclared": 0.4,
        "comprehensiveincomenetoftax": 236000000
    },
    {
        "date": "2018-07-26",
        "symbol": "NTAP",
        "period": "Q1",
        "revenuefromcontractwithcustomerexcludingassessedtax": 761000000,
        "costofgoodsandservicessold": 511000000,
        "grossprofit": 963000000,
        "sellingandmarketingexpense": 409000000,
        "researchanddevelopmentexpense": 208000000,
        "generalandadministrativeexpense": 73000000,
        "restructuringcharges": 19000000,
        "operatingexpenses": 709000000,
        "operatingincomeloss": 254000000,
        "nonoperatingincomeexpense": 18000000,
        "incomelossfromcontinuingoperationsbeforeincometaxesextraordinaryitemsnoncontrollinginterest": 272000000,
        "incometaxexpensebenefit": -34000000,
        "netincomeloss": 283000000,
        "earningspersharebasic": 1.08,
        "earningspersharediluted": 1.05,
        "weightedaveragenumberofsharesoutstandingbasic": 262000000,
        "weightedaveragenumberofdilutedsharesoutstanding": 269000000,
        "commonstockdividendspersharedeclared": 0.4,
        "comprehensiveincomenetoftax": 283000000
    },
    {
        "date": "2018-01-25",
        "symbol": "NTAP",
        "period": "Q3",
        "salesrevenuegoodsnet": 920000000,
        "softwaremaintenancerevenues": 237000000,
        "hardwaremaintenanceandotherservicesrevenues": 366000000,
        "salesrevenuenet": 739000000,
        "costofgoodssold": 468000000,
        "costofsoftwaremaintenance": 6000000,
        "costofhardwaremaintenanceandotherservices": 108000000,
        "costofrevenue": 582000000,
        "grossprofit": 941000000,
        "sellingandmarketingexpense": 423000000,
        "researchanddevelopmentexpense": 193000000,
        "generalandadministrativeexpense": 72000000,
        "operatingexpenses": -687000000,
        "operatingincomeloss": 471000000,
        "nonoperatingincomeexpense": 14000000,
        "incomelossfromcontinuingoperationsbeforeincometaxesextraordinaryitemsnoncontrollinginterest": 485000000,
        "incometaxexpensebenefit": 991000000,
        "netincomeloss": -506000000,
        "earningspersharebasic": -1.87,
        "earningspersharediluted": -1.8499999999999999,
        "weightedaveragenumberofsharesoutstandingbasic": -270000000,
        "weightedaveragenumberofdilutedsharesoutstanding": -284000000,
        "commonstockdividendspersharedeclared": 0.19999999999999996,
        "othercomprehensiveincomeforeigncurrencytransactionandtranslationgainlossbeforereclassificationandtax": -5000000,
        "othercomprehensiveincomeunrealizedholdinggainlossonsecuritiesarisingduringperiodbeforetax": -17000000,
        "othercomprehensiveincomelossnetoftaxportionattributabletoparent": -23000000,
        "comprehensiveincomenetoftax": -529000000
    },
    {
        "date": "2017-10-26",
        "symbol": "NTAP",
        "period": "Q2",
        "salesrevenuegoodsnet": 807000000,
        "softwaremaintenancerevenues": 240000000,
        "hardwaremaintenanceandotherservicesrevenues": 375000000,
        "salesrevenuenet": 726000000,
        "costofgoodssold": 399000000,
        "costofsoftwaremaintenance": 6000000,
        "costofhardwaremaintenanceandotherservices": 115000000,
        "costofrevenue": 520000000,
        "grossprofit": 902000000,
        "sellingandmarketingexpense": 420000000,
        "researchanddevelopmentexpense": 194000000,
        "generalandadministrativeexpense": 69000000,
        "operatingexpenses": -1000000,
        "operatingincomeloss": 219000000,
        "nonoperatingincomeexpense": 6000000,
        "incomelossfromcontinuingoperationsbeforeincometaxesextraordinaryitemsnoncontrollinginterest": 225000000,
        "incometaxexpensebenefit": 50000000,
        "netincomeloss": 175000000,
        "earningspersharebasic": 0.65,
        "earningspersharediluted": 0.64,
        "weightedaveragenumberofsharesoutstandingbasic": 269000000,
        "weightedaveragenumberofdilutedsharesoutstanding": 275000000,
        "commonstockdividendspersharedeclared": 0.2,
        "othercomprehensiveincomeforeigncurrencytransactionandtranslationgainlossbeforereclassificationandtax": -2000000,
        "othercomprehensiveincomelossreclassificationadjustmentfromaocipensionandotherpostretirementbenefitplansbeforetax": -1000000,
        "othercomprehensiveincomelosspensionandotherpostretirementbenefitplanstax": 1000000,
        "othercomprehensiveincomeunrealizedholdinggainlossonsecuritiesarisingduringperiodbeforetax": -4000000,
        "othercomprehensiveincomelossnetoftaxportionattributabletoparent": -6000000,
        "comprehensiveincomenetoftax": 169000000
    },
    {
        "date": "2017-07-27",
        "symbol": "NTAP",
        "period": "Q1",
        "salesrevenuegoodsnet": 723000000,
        "softwaremaintenancerevenues": 234000000,
        "hardwaremaintenanceandotherservicesrevenues": 368000000,
        "salesrevenuenet": 650000000,
        "costofgoodssold": 371000000,
        "costofsoftwaremaintenance": 7000000,
        "costofhardwaremaintenanceandotherservices": 113000000,
        "costofrevenue": 491000000,
        "grossprofit": 834000000,
        "sellingandmarketingexpense": 425000000,
        "researchanddevelopmentexpense": 193000000,
        "generalandadministrativeexpense": 68000000,
        "operatingexpenses": 686000000,
        "operatingincomeloss": 148000000,
        "nonoperatingincomeexpense": 5000000,
        "incomelossfromcontinuingoperationsbeforeincometaxesextraordinaryitemsnoncontrollinginterest": 153000000,
        "incometaxexpensebenefit": 17000000,
        "netincomeloss": 136000000,
        "earningspersharebasic": 0.5,
        "earningspersharediluted": 0.49,
        "weightedaveragenumberofsharesoutstandingbasic": 270000000,
        "weightedaveragenumberofdilutedsharesoutstanding": 278000000,
        "commonstockdividendspersharedeclared": 0.2,
        "othercomprehensiveincomeforeigncurrencytransactionandtranslationgainlossbeforereclassificationandtax": 10000000,
        "othercomprehensiveincomeunrealizedholdinggainlossonsecuritiesarisingduringperiodbeforetax": 6000000,
        "othercomprehensiveincomelossnetoftaxportionattributabletoparent": 16000000,
        "comprehensiveincomenetoftax": 152000000
    },
    {
        "date": "2017-01-26",
        "symbol": "NTAP",
        "period": "Q3",
        "salesrevenuegoodsnet": 784000000,
        "softwaremaintenancerevenues": 240000000,
        "hardwaremaintenanceandotherservicesrevenues": 380000000,
        "salesrevenuenet": 684000000,
        "costofgoodssold": 435000000,
        "costofsoftwaremaintenance": 7000000,
        "costofhardwaremaintenanceandotherservices": 111000000,
        "costofrevenue": 553000000,
        "grossprofit": 851000000,
        "sellingandmarketingexpense": 381000000,
        "researchanddevelopmentexpense": 181000000,
        "generalandadministrativeexpense": 64000000,
        "operatingexpenses": 0,
        "operatingincomeloss": 183000000,
        "incomelossfromcontinuingoperationsbeforeincometaxesextraordinaryitemsnoncontrollinginterest": 183000000,
        "incometaxexpensebenefit": 1000000,
        "netincomeloss": 146000000,
        "earningspersharebasic": 0.5299999999999999,
        "earningspersharediluted": 0.5199999999999999,
        "weightedaveragenumberofsharesoutstandingbasic": -1000000,
        "weightedaveragenumberofdilutedsharesoutstanding": -1000000,
        "commonstockdividendspersharedeclared": 0.18999999999999995,
        "othercomprehensiveincomeforeigncurrencytransactionandtranslationgainlossbeforereclassificationandtax": -3000000,
        "othercomprehensiveincomeunrealizedholdinggainlossonsecuritiesarisingduringperiodbeforetax": -8000000,
        "comprehensiveincomenetoftax": 150000000
    },
    {
        "date": "2016-10-27",
        "symbol": "NTAP",
        "period": "Q2",
        "salesrevenuegoodsnet": 710000000,
        "softwaremaintenancerevenues": 242000000,
        "hardwaremaintenanceandotherservicesrevenues": 388000000,
        "salesrevenuenet": 697000000,
        "costofgoodssold": 376000000,
        "costofsoftwaremaintenance": 7000000,
        "costofhardwaremaintenanceandotherservices": 128000000,
        "costofrevenue": 511000000,
        "grossprofit": 829000000,
        "sellingandmarketingexpense": 418000000,
        "researchanddevelopmentexpense": 200000000,
        "generalandadministrativeexpense": 69000000,
        "operatingexpenses": -703000000,
        "operatingincomeloss": 142000000,
        "nonoperatingincomeexpense": 0,
        "incomelossfromcontinuingoperationsbeforeincometaxesextraordinaryitemsnoncontrollinginterest": 142000000,
        "incometaxexpensebenefit": 4000000,
        "netincomeloss": 109000000,
        "earningspersharebasic": 0.39,
        "earningspersharediluted": 0.38,
        "weightedaveragenumberofsharesoutstandingbasic": -1000000,
        "weightedaveragenumberofdilutedsharesoutstanding": 1000000,
        "commonstockdividendspersharedeclared": 0.19,
        "othercomprehensiveincomeforeigncurrencytransactionandtranslationgainlossbeforereclassificationandtax": -5000000,
        "othercomprehensiveincomeunrealizedholdinggainlossonsecuritiesarisingduringperiodbeforetax": -5000000,
        "othercomprehensiveincomeunrealizedgainlossonderivativesarisingduringperiodbeforetax": 0,
        "comprehensiveincomenetoftax": 99000000
    },
    {
        "date": "2016-07-28",
        "symbol": "NTAP",
        "period": "Q1",
        "salesrevenuegoodsnet": 660000000,
        "softwaremaintenancerevenues": 241000000,
        "hardwaremaintenanceandotherservicesrevenues": 393000000,
        "salesrevenuenet": 666000000,
        "costofgoodssold": 359000000,
        "costofsoftwaremaintenance": 8000000,
        "costofhardwaremaintenanceandotherservices": 130000000,
        "costofrevenue": 497000000,
        "grossprofit": 797000000,
        "sellingandmarketingexpense": 429000000,
        "researchanddevelopmentexpense": 207000000,
        "generalandadministrativeexpense": 68000000,
        "operatingexpenses": 704000000,
        "operatingincomeloss": 93000000,
        "nonoperatingincomeexpense": -1000000,
        "incomelossfromcontinuingoperationsbeforeincometaxesextraordinaryitemsnoncontrollinginterest": 92000000,
        "incometaxexpensebenefit": 13000000,
        "netincomeloss": 64000000,
        "earningspersharebasic": 0.23,
        "earningspersharediluted": 0.23,
        "weightedaveragenumberofsharesoutstandingbasic": 279000000,
        "weightedaveragenumberofdilutedsharesoutstanding": 282000000,
        "commonstockdividendspersharedeclared": 0.19,
        "othercomprehensiveincomeforeigncurrencytransactionandtranslationgainlossbeforereclassificationandtax": -6000000,
        "othercomprehensiveincomeunrealizedholdinggainlossonsecuritiesarisingduringperiodbeforetax": 3000000,
        "othercomprehensiveincomeunrealizedgainlossonderivativesarisingduringperiodbeforetax": 3000000,
        "othercomprehensiveincomelossnetoftax": 3000000,
        "comprehensiveincomenetoftax": 64000000
    },
    {
        "date": "2016-01-28",
        "symbol": "NTAP",
        "period": "Q3",
        "salesrevenuegoodsnet": 750000000,
        "softwaremaintenancerevenues": 234000000,
        "hardwaremaintenanceandotherservicesrevenues": 402000000,
        "salesrevenuenet": 664000000,
        "costofgoodssold": 381000000,
        "costofsoftwaremaintenance": 9000000,
        "costofhardwaremaintenanceandotherservices": 141000000,
        "costofrevenue": 531000000,
        "grossprofit": 855000000,
        "sellingandmarketingexpense": 418000000,
        "researchanddevelopmentexpense": 200000000,
        "generalandadministrativeexpense": 70000000,
        "restructuringcharges": 0,
        "operatingexpenses": 0,
        "operatingincomeloss": 165000000,
        "nonoperatingincomeexpense": -2000000,
        "incomelossfromcontinuingoperationsbeforeincometaxesextraordinaryitemsnoncontrollinginterest": 163000000,
        "incometaxexpensebenefit": 10000000,
        "netincomeloss": -2000000,
        "earningspersharebasic": 0.52,
        "earningspersharediluted": 0.51,
        "weightedaveragenumberofsharesoutstandingbasic": -2000000,
        "weightedaveragenumberofdilutedsharesoutstanding": -2000000,
        "commonstockdividendspersharedeclared": 0.18000000000000005,
        "othercomprehensiveincomeforeigncurrencytransactionandtranslationgainlossbeforereclassificationandtax": -5000000,
        "othercomprehensiveincomelossreclassificationadjustmentfromaocipensionandotherpostretirementbenefitplansbeforetax": 0,
        "comprehensiveincomenetoftax": 147000000
    },
    {
        "date": "2015-10-29",
        "symbol": "NTAP",
        "period": "Q2",
        "salesrevenuegoodsnet": 815000000,
        "softwaremaintenancerevenues": 233000000,
        "hardwaremaintenanceandotherservicesrevenues": 397000000,
        "salesrevenuenet": 743000000,
        "costofgoodssold": 408000000,
        "costofsoftwaremaintenance": 9000000,
        "costofhardwaremaintenanceandotherservices": 144000000,
        "costofrevenue": 561000000,
        "grossprofit": 884000000,
        "sellingandmarketingexpense": 448000000,
        "researchanddevelopmentexpense": 216000000,
        "generalandadministrativeexpense": 74000000,
        "restructuringcharges": 2000000,
        "operatingexpenses": 1000000,
        "operatingincomeloss": 145000000,
        "nonoperatingincomeexpense": -1000000,
        "incomelossfromcontinuingoperationsbeforeincometaxesextraordinaryitemsnoncontrollinginterest": 144000000,
        "incometaxexpensebenefit": 30000000,
        "netincomeloss": 1000000,
        "earningspersharebasic": 0.38,
        "earningspersharediluted": 0.38,
        "weightedaveragenumberofsharesoutstandingbasic": -5000000,
        "weightedaveragenumberofdilutedsharesoutstanding": -2000000,
        "commonstockdividendspersharedeclared": 0.18,
        "othercomprehensiveincomeforeigncurrencytransactionandtranslationgainlossbeforereclassificationandtax": -1000000,
        "othercomprehensiveincomelossreclassificationadjustmentfromaocipensionandotherpostretirementbenefitplansbeforetax": 1000000,
        "othercomprehensiveincomeunrealizedholdinggainlossonsecuritiesarisingduringperiodbeforetax": 0,
        "othercomprehensiveincomeunrealizedgainlossonderivativesarisingduringperiodbeforetax": -1000000,
        "othercomprehensiveincomelossreclassificationadjustmentfromaocionderivativesbeforetax": -1000000,
        "othercomprehensiveincomelossnetoftax": 0,
        "comprehensiveincomenetoftax": 113000000
    },
    {
        "date": "2015-07-30",
        "symbol": "NTAP",
        "period": "Q1",
        "salesrevenuegoodsnet": 664000000,
        "softwaremaintenancerevenues": 248000000,
        "hardwaremaintenanceandotherservicesrevenues": 423000000,
        "salesrevenuenet": 665000000,
        "costofgoodssold": 345000000,
        "costofsoftwaremaintenance": 10000000,
        "costofhardwaremaintenanceandotherservices": 164000000,
        "costofrevenue": 519000000,
        "grossprofit": 816000000,
        "sellingandmarketingexpense": 492000000,
        "researchanddevelopmentexpense": 244000000,
        "generalandadministrativeexpense": 79000000,
        "restructuringcharges": 1000000,
        "operatingexpenses": 1000000,
        "operatingincomeloss": -26000000,
        "nonoperatingincomeexpense": 4000000,
        "incomelossfromcontinuingoperationsbeforeincometaxesextraordinaryitemsnoncontrollinginterest": -22000000,
        "incometaxexpensebenefit": 8000000,
        "netincomeloss": 2000000,
        "earningspersharebasic": -0.1,
        "earningspersharediluted": -0.1,
        "weightedaveragenumberofsharesoutstandingbasic": 304000000,
        "weightedaveragenumberofdilutedsharesoutstanding": 304000000,
        "commonstockdividendspersharedeclared": 0.18,
        "othercomprehensiveincomeforeigncurrencytransactionandtranslationgainlossbeforereclassificationandtax": -1000000,
        "othercomprehensiveincomelossreclassificationadjustmentfromaocipensionandotherpostretirementbenefitplansbeforetax": 1000000,
        "othercomprehensiveincomeunrealizedholdinggainlossonsecuritiesarisingduringperiodbeforetax": -9000000,
        "othercomprehensiveincomeunrealizedgainlossonderivativesarisingduringperiodbeforetax": -2000000,
        "othercomprehensiveincomelossreclassificationadjustmentfromaocionderivativesbeforetax": -1000000,
        "othercomprehensiveincomelossnetoftax": -1000000,
        "comprehensiveincomenetoftax": -40000000
    },
    {
        "date": "2015-01-22",
        "symbol": "NTAP",
        "period": "Q3",
        "salesrevenuegoodsnet": 929500000,
        "softwareentitlementsandmaintenance": 226600000,
        "salesrevenueservicesnet": 395200000,
        "salesrevenuenet": 2303600000,
        "costofgoodssold": 419600000,
        "costofsoftwareentitlementsandmaintenance": 9400000,
        "costofservices": 144900000,
        "costofrevenue": 573900000,
        "grossprofit": 977400000,
        "sellingandmarketingexpense": 474800000,
        "researchanddevelopmentexpense": 229900000,
        "generalandadministrativeexpense": 70200000,
        "operatingexpenses": 100000,
        "operatingincomeloss": 202500000,
        "investmentincomenet": 8600000,
        "interestexpense": 11100000,
        "nonoperatingincomeexpense": -2400000,
        "incomelossfromcontinuingoperationsbeforeincometaxesextraordinaryitemsnoncontrollinginterest": 200100000,
        "incometaxexpensebenefit": 23300000,
        "netincomeloss": -15900000,
        "earningspersharebasic": 0.5700000000000001,
        "earningspersharediluted": 0.55,
        "weightedaveragenumberofsharesoutstandingbasic": -3000000,
        "weightedaveragenumberofdilutedsharesoutstanding": -3000000,
        "commonstockdividendspersharedeclared": 0.16499999999999995,
        "othercomprehensiveincomeforeigncurrencytransactionandtranslationgainlossbeforereclassificationandtax": -16100000,
        "othercomprehensiveincomelosspensionandotherpostretirementbenefitplansadjustmentbeforereclassificationadjustmentsandtax": 0,
        "othercomprehensiveincomelossreclassificationadjustmentfromaocipensionandotherpostretirementbenefitplansfornetgainlossbeforetax": -100000,
        "othercomprehensiveincomeunrealizedholdinggainlossonsecuritiesarisingduringperiodbeforetax": -400000,
        "othercomprehensiveincomeunrealizedgainlossonderivativesarisingduringperiodbeforetax": 17400000,
        "othercomprehensiveincomelossreclassificationadjustmentfromaocionderivativesbeforetax": 15700000,
        "othercomprehensiveincomelossnetoftax": 2300000,
        "comprehensiveincomenetoftax": 161900000
    },
    {
        "date": "2014-10-23",
        "symbol": "NTAP",
        "period": "Q2",
        "salesrevenuegoodsnet": 929100000,
        "softwareentitlementsandmaintenance": 224200000,
        "salesrevenueservicesnet": 389200000,
        "salesrevenuenet": 4500000,
        "costofgoodssold": 401800000,
        "costofsoftwareentitlementsandmaintenance": 8600000,
        "costofservices": 149600000,
        "costofrevenue": 560000000,
        "grossprofit": 982500000,
        "sellingandmarketingexpense": 488000000,
        "researchanddevelopmentexpense": 229000000,
        "generalandadministrativeexpense": 73000000,
        "operatingexpenses": 100000,
        "operatingincomeloss": 192500000,
        "investmentincomenet": 8100000,
        "interestexpense": 10900000,
        "othernonoperatingincomeexpense": 0,
        "nonoperatingincomeexpense": -3600000,
        "incomelossfromcontinuingoperationsbeforeincometaxesextraordinaryitemsnoncontrollinginterest": 188900000,
        "incometaxexpensebenefit": 29100000,
        "netincomeloss": 4600000,
        "earningspersharebasic": 0.5,
        "earningspersharediluted": 0.49,
        "weightedaveragenumberofsharesoutstandingbasic": -2700000,
        "weightedaveragenumberofdilutedsharesoutstanding": -2800000,
        "commonstockdividendspersharedeclared": 0.165,
        "othercomprehensiveincomeforeigncurrencytransactionandtranslationgainlossbeforereclassificationandtax": -10000000,
        "othercomprehensiveincomelosspensionandotherpostretirementbenefitplansadjustmentbeforereclassificationadjustmentsandtax": -100000,
        "othercomprehensiveincomedefinedbenefitplansnetunamortizedgainlossarisingduringperiodtax": 0,
        "othercomprehensiveincomelossreclassificationadjustmentfromaocipensionandotherpostretirementbenefitplansfornetgainlossbeforetax": -100000,
        "othercomprehensiveincomeunrealizedholdinggainlossonsecuritiesarisingduringperiodbeforetax": 500000,
        "othercomprehensiveincomeunrealizedholdinggainlossonsecuritiesarisingduringperiodtax": 0,
        "othercomprehensiveincomelossreclassificationadjustmentfromaociforsaleofsecuritiesbeforetax": 0,
        "othercomprehensiveincomeunrealizedgainlossonderivativesarisingduringperiodbeforetax": -3700000,
        "othercomprehensiveincomelossreclassificationadjustmentfromaocionderivativesbeforetax": -4500000,
        "othercomprehensiveincomelossnetoftax": 200000,
        "comprehensiveincomenetoftax": 151300000
    },
    {
        "date": "2014-07-24",
        "symbol": "NTAP",
        "period": "Q1",
        "salesrevenuegoodsnet": 882600000,
        "softwareentitlementsandmaintenance": 221300000,
        "salesrevenueservicesnet": 385300000,
        "salesrevenuenet": 1700000,
        "costofgoodssold": 394200000,
        "costofsoftwareentitlementsandmaintenance": 8200000,
        "costofservices": 148700000,
        "costofrevenue": 551100000,
        "grossprofit": 938100000,
        "sellingandmarketingexpense": 480200000,
        "researchanddevelopmentexpense": 228000000,
        "generalandadministrativeexpense": 70000000,
        "operatingexpenses": 100000,
        "operatingincomeloss": 159900000,
        "investmentincomenet": 8300000,
        "interestexpense": 9000000,
        "othernonoperatingincomeexpense": 200000,
        "nonoperatingincomeexpense": -200000,
        "incomelossfromcontinuingoperationsbeforeincometaxesextraordinaryitemsnoncontrollinginterest": 159700000,
        "incometaxexpensebenefit": 71300000,
        "netincomeloss": 2000000,
        "earningspersharebasic": 0.27,
        "earningspersharediluted": 0.27,
        "weightedaveragenumberofsharesoutstandingbasic": 323500000,
        "weightedaveragenumberofdilutedsharesoutstanding": 329100000,
        "commonstockdividendspersharedeclared": 0.165,
        "othercomprehensiveincomeforeigncurrencytransactionandtranslationgainlossbeforereclassificationandtax": -800000,
        "othercomprehensiveincomelosspensionandotherpostretirementbenefitplansadjustmentbeforereclassificationadjustmentsandtax": -1500000,
        "othercomprehensiveincomedefinedbenefitplansnetunamortizedgainlossarisingduringperiodtax": 500000,
        "othercomprehensiveincomelossreclassificationadjustmentfromaocipensionandotherpostretirementbenefitplansfornetgainlossbeforetax": -100000,
        "othercomprehensiveincomeunrealizedholdinggainlossonsecuritiesarisingduringperiodbeforetax": -1800000,
        "othercomprehensiveincomeunrealizedholdinggainlossonsecuritiesarisingduringperiodtax": -200000,
        "othercomprehensiveincomelossreclassificationadjustmentfromaociforsaleofsecuritiesbeforetax": -200000,
        "othercomprehensiveincomeunrealizedgainlossonderivativesarisingduringperiodbeforetax": -600000,
        "othercomprehensiveincomelossreclassificationadjustmentfromaocionderivativesbeforetax": -1700000,
        "othercomprehensiveincomelossnetoftax": 1100000,
        "comprehensiveincomenetoftax": 88400000
    },
    {
        "date": "2014-01-23",
        "symbol": "NTAP",
        "period": "Q3",
        "salesrevenuegoodsnet": 1015000000,
        "softwareentitlementsandmaintenance": 227000000,
        "salesrevenueservicesnet": 368000000,
        "salesrevenuenet": 1022900000,
        "costofgoodssold": 450700000,
        "costofsoftwareentitlementsandmaintenance": 7700000,
        "costofservices": 149300000,
        "costofrevenue": 607700000,
        "grossprofit": 1002300000,
        "sellingandmarketingexpense": 475900000,
        "researchanddevelopmentexpense": 230300000,
        "generalandadministrativeexpense": 69400000,
        "restructuringcharges": 0,
        "operatingexpenses": 775600000,
        "operatingincomeloss": 226700000,
        "investmentincomenet": 7900000,
        "interestexpense": 6700000,
        "othernonoperatingincomeexpense": 0,
        "nonoperatingincomeexpense": 2900000,
        "incomelossfromcontinuingoperationsbeforeincometaxesminorityinterestandincomelossfromequitymethodinvestments": 229600000,
        "incometaxexpensebenefit": 37500000,
        "netincomeloss": -200000,
        "earningspersharebasic": 0.56,
        "earningspersharediluted": 0.55,
        "weightedaveragenumberofsharesoutstandingbasic": -2100000,
        "weightedaveragenumberofdilutedsharesoutstanding": -2800000,
        "commonstockdividendspersharedeclared": 0.15000000000000005,
        "othercomprehensiveincomeforeigncurrencytransactionandtranslationgainlossbeforereclassificationandtax": -2700000,
        "othercomprehensiveincomelosspensionandotherpostretirementbenefitplansadjustmentbeforereclassificationadjustmentsandtax": -100000,
        "othercomprehensiveincomeunrealizedgainlossonderivativesarisingduringperiodbeforetax": 1500000,
        "othercomprehensiveincomelossnetoftax": 1700000,
        "comprehensiveincomenetoftax": 192500000
    },
    {
        "date": "2013-10-24",
        "symbol": "NTAP",
        "period": "Q2",
        "salesrevenuegoodsnet": 955300000,
        "softwareentitlementsandmaintenance": 231800000,
        "salesrevenueservicesnet": 362800000,
        "salesrevenuenet": 1574500000,
        "costofgoodssold": 423300000,
        "costofsoftwareentitlementsandmaintenance": 7500000,
        "costofservices": 153900000,
        "costofrevenue": 584700000,
        "grossprofit": 965200000,
        "sellingandmarketingexpense": 479500000,
        "researchanddevelopmentexpense": 228200000,
        "generalandadministrativeexpense": 69500000,
        "restructuringcharges": 1100000,
        "operatingexpenses": 778300000,
        "operatingincomeloss": 186900000,
        "investmentincomenet": 8500000,
        "interestexpense": 6500000,
        "othernonoperatingincomeexpense": -1000000,
        "nonoperatingincomeexpense": 5300000,
        "incomelossfromcontinuingoperationsbeforeincometaxesminorityinterestandincomelossfromequitymethodinvestments": 192200000,
        "incometaxexpensebenefit": 25400000,
        "netincomeloss": 1400000,
        "earningspersharebasic": 0.49,
        "earningspersharediluted": 0.47,
        "weightedaveragenumberofsharesoutstandingbasic": -5100000,
        "weightedaveragenumberofdilutedsharesoutstanding": -5400000,
        "commonstockdividendspersharedeclared": 0.15,
        "othercomprehensiveincomeforeigncurrencytransactionandtranslationgainlossbeforereclassificationandtax": 4800000,
        "othercomprehensiveincomelosspensionandotherpostretirementbenefitplansadjustmentbeforereclassificationadjustmentsandtax": -100000,
        "othercomprehensiveincomeunrealizedholdinggainlossonsecuritiesarisingduringperiodtax": 0,
        "othercomprehensiveincomeunrealizedgainlossonderivativesarisingduringperiodbeforetax": -3100000,
        "othercomprehensiveincomelossnetoftax": -2900000,
        "comprehensiveincomenetoftax": 174400000
    },
    {
        "date": "2013-07-25",
        "symbol": "NTAP",
        "period": "Q1",
        "salesrevenuegoodsnet": 930800000,
        "softwareentitlementsandmaintenance": 228500000,
        "salesrevenueservicesnet": 356900000,
        "salesrevenuenet": -1000000,
        "costofgoodssold": 449900000,
        "costofsoftwareentitlementsandmaintenance": 7500000,
        "costofservices": 149200000,
        "costofrevenue": 606600000,
        "grossprofit": 909600000,
        "sellingandmarketingexpense": 467800000,
        "researchanddevelopmentexpense": 228100000,
        "generalandadministrativeexpense": 68400000,
        "restructuringcharges": 48400000,
        "operatingexpenses": 812700000,
        "operatingincomeloss": 96900000,
        "investmentincomenet": 10000000,
        "interestexpense": 16500000,
        "othernonoperatingincomeexpense": -100000,
        "nonoperatingincomeexpense": -4600000,
        "incomelossfromcontinuingoperationsbeforeincometaxesminorityinterestandincomelossfromequitymethodinvestments": 92300000,
        "incometaxexpensebenefit": 10700000,
        "netincomeloss": -1100000,
        "earningspersharebasic": 0.23,
        "earningspersharediluted": 0.23,
        "weightedaveragenumberofsharesoutstandingbasic": 350900000,
        "weightedaveragenumberofdilutedsharesoutstanding": 359900000,
        "commonstockdividendspersharedeclared": 0.15,
        "othercomprehensiveincomeforeigncurrencytransactionandtranslationgainlossbeforereclassificationandtax": -1200000,
        "othercomprehensiveincomelosspensionandotherpostretirementbenefitplansadjustmentbeforereclassificationadjustmentsandtax": -100000,
        "othercomprehensiveincomelossavailableforsalesecuritiesadjustmentbeforereclassificationadjustmentsandtax": -8400000,
        "othercomprehensiveincomeunrealizedholdinggainlossonsecuritiesarisingduringperiodtax": -1000000,
        "othercomprehensiveincomelossreclassificationadjustmentforsaleofsecuritiesincludedinnetincomebeforetax": -100000,
        "othercomprehensiveincomeunrealizedgainlossonderivativesarisingduringperiodbeforetax": -400000,
        "othercomprehensiveincomelossreclassificationadjustmentonderivativesincludedinnetincomebeforetax": -1000000,
        "othercomprehensiveincomelossnetoftax": -1200000,
        "comprehensiveincomenetoftax": 71600000
    },
    {
        "date": "2013-01-24",
        "symbol": "NTAP",
        "period": "Q3",
        "salesrevenuegoodsnet": 1060700000,
        "softwareentitlementsandmaintenance": 228600000,
        "salesrevenueservicesnet": 340800000,
        "revenues": 163800000,
        "costofgoodssold": 512500000,
        "costofsoftwareentitlementsandmaintenance": 7300000,
        "costofservices": 145400000,
        "costofrevenue": 665200000,
        "grossprofit": 964900000,
        "sellingandmarketingexpense": 493500000,
        "researchanddevelopmentexpense": 215600000,
        "generalandadministrativeexpense": 66200000,
        "businesscombinationintegrationrelatedcosts": 1700000,
        "operatingexpenses": 777000000,
        "operatingincomeloss": 187900000,
        "investmentincomenet": 10300000,
        "interestexpense": 24000000,
        "othernonoperatingincomeexpense": 1600000,
        "nonoperatingincomeexpense": -12100000,
        "incomelossfromcontinuingoperationsbeforeincometaxesminorityinterestandincomelossfromequitymethodinvestments": 175800000,
        "incometaxexpensebenefit": 17700000,
        "netincomeloss": 158100000,
        "earningspersharebasic": 0.44,
        "earningspersharediluted": 0.43,
        "weightedaveragenumberofsharesoutstandingbasic": 359500000,
        "weightedaveragenumberofdilutedsharesoutstanding": 364700000,
        "othercomprehensiveincomeforeigncurrencytransactionandtranslationgainlossbeforereclassificationandtax": 1500000,
        "othercomprehensiveincomelossavailableforsalesecuritiesadjustmentbeforereclassificationadjustmentsandtax": -1900000,
        "othercomprehensiveincomeunrealizedholdinggainlossonsecuritiesarisingduringperiodtax": -300000,
        "othercomprehensiveincomelossreclassificationadjustmentforsaleofsecuritiesincludedinnetincomebeforetax": 100000,
        "othercomprehensiveincomeunrealizedgainlossonderivativesarisingduringperiodbeforetax": -2700000,
        "othercomprehensiveincomelossreclassificationadjustmentonderivativesincludedinnetincomebeforetax": 3100000,
        "othercomprehensiveincomelossnetoftax": 400000,
        "comprehensiveincomenetoftax": 158500000
    },
    {
        "date": "2012-10-25",
        "symbol": "NTAP",
        "period": "Q2",
        "salesrevenuegoodsnet": 995800000,
        "softwareentitlementsandmaintenance": 219400000,
        "salesrevenueservicesnet": 326000000,
        "revenues": 797600000,
        "costofgoodssold": 477300000,
        "costofsoftwareentitlementsandmaintenance": 7000000,
        "costofservices": 143000000,
        "costofrevenue": 627300000,
        "grossprofit": 913900000,
        "sellingandmarketingexpense": 488200000,
        "researchanddevelopmentexpense": 223800000,
        "generalandadministrativeexpense": 66600000,
        "operatingexpenses": 778600000,
        "operatingincomeloss": 135300000,
        "investmentincomenet": 11000000,
        "interestexpense": 19800000,
        "othernonoperatingincomeexpense": 1200000,
        "nonoperatingincomeexpense": -7600000,
        "incomelossfromcontinuingoperationsbeforeincometaxesminorityinterestandincomelossfromequitymethodinvestments": 127700000,
        "incometaxexpensebenefit": 18100000,
        "netincomeloss": 109600000,
        "earningspersharebasic": 0.3,
        "earningspersharediluted": 0.3,
        "weightedaveragenumberofsharesoutstandingbasic": 362000000,
        "weightedaveragenumberofdilutedsharesoutstanding": 368200000,
        "othercomprehensiveincomeforeigncurrencytransactionandtranslationgainlossbeforereclassificationandtax": 3600000,
        "othercomprehensiveincomelosspensionandotherpostretirementbenefitplansadjustmentbeforereclassificationadjustmentsandtax": -100000,
        "othercomprehensiveincomelossavailableforsalesecuritiesadjustmentbeforereclassificationadjustmentsandtax": 2500000,
        "othercomprehensiveincomeunrealizedholdinggainlossonsecuritiesarisingduringperiodtax": -200000,
        "othercomprehensiveincomelossreclassificationadjustmentforsaleofsecuritiesincludedinnetincomebeforetax": -500000,
        "othercomprehensiveincomeunrealizedgainlossonderivativesarisingduringperiodbeforetax": -5500000,
        "othercomprehensiveincomelossreclassificationadjustmentonderivativesincludedinnetincomebeforetax": 2600000,
        "othercomprehensiveincomelossnetoftax": 3000000,
        "comprehensiveincomenetoftax": 112600000
    },
    {
        "date": "2012-07-26",
        "symbol": "NTAP",
        "period": "Q1",
        "salesrevenuegoodsnet": 898000000,
        "softwareentitlementsandmaintenance": 218500000,
        "salesrevenueservicesnet": 328100000,
        "revenues": 146700000,
        "costofgoodssold": 452200000,
        "costofsoftwareentitlementsandmaintenance": 6600000,
        "costofservices": 135700000,
        "costofrevenue": 594500000,
        "grossprofit": 850100000,
        "sellingandmarketingexpense": 482900000,
        "researchanddevelopmentexpense": 221400000,
        "generalandadministrativeexpense": 65600000,
        "operatingexpenses": 769900000,
        "operatingincomeloss": 80200000,
        "investmentincomenet": 10800000,
        "interestexpense": 19900000,
        "othernonoperatingincomeexpense": 3100000,
        "nonoperatingincomeexpense": -6000000,
        "incomelossfromcontinuingoperationsbeforeincometaxesminorityinterestandincomelossfromequitymethodinvestments": 74200000,
        "incometaxexpensebenefit": 10400000,
        "netincomeloss": 63800000,
        "earningspersharebasic": 0.17,
        "earningspersharediluted": 0.17,
        "weightedaveragenumberofsharesoutstandingbasic": 366100000,
        "weightedaveragenumberofdilutedsharesoutstanding": 371200000,
        "othercomprehensiveincomeforeigncurrencytransactionandtranslationgainlossbeforereclassificationandtax": -5200000,
        "othercomprehensiveincomelosspensionandotherpostretirementbenefitplansadjustmentbeforereclassificationadjustmentsandtax": -100000,
        "othercomprehensiveincomelossavailableforsalesecuritiesadjustmentbeforereclassificationadjustmentsandtax": 4100000,
        "othercomprehensiveincomeunrealizedholdinggainlossonsecuritiesarisingduringperiodtax": 500000,
        "othercomprehensiveincomelossreclassificationadjustmentforsaleofsecuritiesincludedinnetincomebeforetax": -100000,
        "othercomprehensiveincomeunrealizedgainlossonderivativesarisingduringperiodbeforetax": 6400000,
        "othercomprehensiveincomelossreclassificationadjustmentonderivativesincludedinnetincomebeforetax": -4500000,
        "othercomprehensiveincomelossnetoftax": 300000,
        "comprehensiveincomenetoftax": 64100000
    },
    {
        "date": "2012-01-26",
        "symbol": "NTAP",
        "period": "Q3",
        "salesrevenuegoodsnet": 1062700000,
        "softwareentitlementsandmaintenance": 203500000,
        "salesrevenueservicesnet": 299300000,
        "revenues": 181900000,
        "costofgoodssold": 517800000,
        "costofsoftwareentitlementsandmaintenance": 6200000,
        "costofservices": 133000000,
        "costofrevenue": 657000000,
        "grossprofit": 908500000,
        "sellingandmarketingexpense": 477000000,
        "researchanddevelopmentexpense": 208300000,
        "generalandadministrativeexpense": 63200000,
        "businesscombinationintegrationrelatedcosts": 3500000,
        "operatingexpenses": 752000000,
        "operatingincomeloss": 156500000,
        "investmentincomenet": 8700000,
        "interestexpense": 18900000,
        "othernonoperatingincomeexpense": 600000,
        "nonoperatingincomeexpense": -9600000,
        "incomelossfromcontinuingoperationsbeforeincometaxesminorityinterestandincomelossfromequitymethodinvestments": 146900000,
        "incometaxexpensebenefit": 27300000,
        "netincomeloss": 119600000,
        "earningspersharebasic": 0.33,
        "earningspersharediluted": 0.32,
        "weightedaveragenumberofsharesoutstandingbasic": 360300000,
        "weightedaveragenumberofdilutedsharesoutstanding": 373700000
    },
    {
        "date": "2011-10-27",
        "symbol": "NTAP",
        "period": "Q2",
        "salesrevenuegoodsnet": 1016200000,
        "softwareentitlementsandmaintenance": 198000000,
        "salesrevenueservicesnet": 292800000,
        "revenues": 182400000,
        "costofgoodssold": 460700000,
        "costofsoftwareentitlementsandmaintenance": 5600000,
        "costofservices": 127700000,
        "costofrevenue": 594000000,
        "grossprofit": 913000000,
        "sellingandmarketingexpense": 454100000,
        "researchanddevelopmentexpense": 199700000,
        "generalandadministrativeexpense": 65100000,
        "businesscombinationintegrationrelatedcosts": 1700000,
        "operatingexpenses": 720600000,
        "operatingincomeloss": 192400000,
        "investmentincomenet": 8300000,
        "interestexpense": 16400000,
        "othernonoperatingincomeexpense": -400000,
        "nonoperatingincomeexpense": -8500000,
        "incomelossfromcontinuingoperationsbeforeincometaxesminorityinterestandincomelossfromequitymethodinvestments": 183900000,
        "incometaxexpensebenefit": 18300000,
        "netincomeloss": 165600000,
        "earningspersharebasic": 0.46,
        "earningspersharediluted": 0.44,
        "weightedaveragenumberofsharesoutstandingbasic": 361500000,
        "weightedaveragenumberofdilutedsharesoutstanding": 376000000
    },
    {
        "date": "2011-07-28",
        "symbol": "NTAP",
        "period": "Q1",
        "salesrevenuegoodsnet": 965700000,
        "softwareentitlementsandmaintenance": 198200000,
        "salesrevenueservicesnet": 294300000,
        "revenues": 147800000,
        "costofgoodssold": 437400000,
        "costofsoftwareentitlementsandmaintenance": 5300000,
        "costofservices": 118600000,
        "costofrevenue": 561300000,
        "grossprofit": 896900000,
        "sellingandmarketingexpense": 454800000,
        "researchanddevelopmentexpense": 198600000,
        "generalandadministrativeexpense": 65100000,
        "businesscombinationacquisitionrelatedcosts": 2200000,
        "operatingexpenses": 720700000,
        "operatingincomeloss": 176200000,
        "investmentincomenet": 10600000,
        "interestexpense": 19400000,
        "othernonoperatingincomeexpense": -300000,
        "nonoperatingincomeexpense": -9100000,
        "incomelossfromcontinuingoperationsbeforeincometaxesminorityinterestandincomelossfromequitymethodinvestments": 167100000,
        "incometaxexpensebenefit": 27600000,
        "netincomeloss": 139500000,
        "earningspersharebasic": 0.38,
        "earningspersharediluted": 0.34,
        "weightedaveragenumberofsharesoutstandingbasic": 370300000,
        "weightedaveragenumberofdilutedsharesoutstanding": 405500000
    },
    {
        "date": "2011-01-27",
        "symbol": "NTAP",
        "period": "Q3",
        "salesrevenuegoodsnet": 818600000,
        "softwareentitlementsandmaintenance": 183800000,
        "salesrevenueservicesnet": 265700000,
        "revenues": 1268100000,
        "costofgoodssold": 329300000,
        "costofsoftwareentitlementsandmaintenance": 4000000,
        "costofservices": 111000000,
        "costofrevenue": 444300000,
        "grossprofit": 823800000,
        "sellingandmarketingexpense": 397400000,
        "researchanddevelopmentexpense": 166000000,
        "generalandadministrativeexpense": 61900000,
        "restructuringcharges": -700000,
        "acquisitionterminationproceedsnetofexpenses": 600000,
        "operatingexpenses": 625200000,
        "operatingincomeloss": 198600000,
        "investmentincomenet": 10300000,
        "interestexpense": 19000000,
        "othernonoperatingincomeexpense": 400000,
        "nonoperatingincomeexpense": -8300000,
        "incomelossfromcontinuingoperationsbeforeincometaxesminorityinterestandincomelossfromequitymethodinvestments": 190300000,
        "incometaxexpensebenefit": 17800000,
        "netincomeloss": 172500000,
        "earningspersharebasic": 0.47,
        "earningspersharediluted": 0.42,
        "antidilutivesecuritiesexcludedfromcomputationofearningspershareamount": 1000000,
        "weightedaveragenumberofsharesoutstandingbasic": 364800000,
        "weightedaveragenumberofdilutedsharesoutstanding": 406200000
    }
]