[
    {
        "date": "2024-09-29",
        "symbol": "TTWO",
        "period": "Q2",
        "revenuefromcontractwithcustomerexcludingassessedtax": 1353100000,
        "costofrevenue": 625200000,
        "grossprofit": 727900000,
        "sellingandmarketingexpense": 461300000,
        "researchanddevelopmentexpensesoftwareexcludingacquiredinprocesscost": 246700000,
        "generalandadministrativeexpense": 253000000,
        "depreciationdepletionandamortization": 47300000,
        "restructuringcharges": 16800000,
        "operatingexpenses": 1025100000,
        "operatingincomeloss": -297200000,
        "othernonoperatingincomeexpense": -25900000,
        "gainlossoninvestments": -1200000,
        "incomelossfromcontinuingoperationsbeforeincometaxesextraordinaryitemsnoncontrollinginterest": -324300000,
        "incometaxexpensebenefit": 41200000,
        "netincomeloss": -365500000,
        "earningspersharebasic": -2.08,
        "earningspersharediluted": -2.08,
        "othercomprehensiveincomelossforeigncurrencytransactionandtranslationadjustmentnetoftax": 71600000,
        "othercomprehensiveincomelossnetoftaxportionattributabletoparent": 71600000,
        "comprehensiveincomenetoftax": -293900000
    },
    {
        "date": "2024-03-30",
        "symbol": "TTWO",
        "period": "Q4",
        "revenuefromcontractwithcustomerexcludingassessedtax": 1260600000,
        "grossprofit": 469100000,
        "sellingandmarketingexpense": 447100000,
        "researchanddevelopmentexpensesoftwareexcludingacquiredinprocesscost": 237500000,
        "generalandadministrativeexpense": 173400000,
        "depreciationdepletionandamortization": 42900000,
        "operatingexpenses": 3182200000,
        "operatingincomeloss": -2713100000,
        "othernonoperatingincomeexpense": -24600000,
        "gainlossoninvestments": -6900000,
        "incomelossfromcontinuingoperationsbeforeincometaxesextraordinaryitemsnoncontrollinginterest": -2744600000,
        "incometaxexpensebenefit": 158400000,
        "netincomeloss": -2903000000,
        "earningspersharebasic": -17.060000000000002,
        "earningspersharediluted": -17.060000000000002,
        "othercomprehensiveincomelossavailableforsalesecuritiesadjustmentnetoftax": 100000
    },
    {
        "date": "2023-12-30",
        "symbol": "TTWO",
        "period": "Q3",
        "revenuefromcontractwithcustomerexcludingassessedtax": 2259600000,
        "grossprofit": 678100000,
        "sellingandmarketingexpense": 367600000,
        "researchanddevelopmentexpensesoftwareexcludingacquiredinprocesscost": 232400000,
        "generalandadministrativeexpense": 165000000,
        "depreciationdepletionandamortization": 42600000,
        "operatingexpenses": 807600000,
        "operatingincomeloss": -129500000,
        "othernonoperatingincomeexpense": -22500000,
        "gainlossoninvestments": -300000,
        "incomelossfromcontinuingoperationsbeforeincometaxesextraordinaryitemsnoncontrollinginterest": -152300000,
        "incometaxexpensebenefit": -60700000,
        "netincomeloss": -91600000,
        "earningspersharebasic": -0.53,
        "earningspersharediluted": -0.53,
        "othercomprehensiveincomelossavailableforsalesecuritiesadjustmentnetoftax": 100000
    },
    {
        "date": "2023-09-29",
        "symbol": "TTWO",
        "period": "Q2",
        "revenuefromcontractwithcustomerexcludingassessedtax": 1128600000,
        "costofrevenue": 883800000,
        "grossprofit": 415400000,
        "sellingandmarketingexpense": 334600000,
        "researchanddevelopmentexpensesoftwareexcludingacquiredinprocesscost": 234300000,
        "generalandadministrativeexpense": 179500000,
        "depreciationdepletionandamortization": 45300000,
        "goodwillimpairmentloss": 165400000,
        "operatingexpenses": 959100000,
        "operatingincomeloss": -543700000,
        "othernonoperatingincomeexpense": -31100000,
        "gainlossoninvestments": -2200000,
        "incomelossfromcontinuingoperationsbeforeincometaxesextraordinaryitemsnoncontrollinginterest": -577000000,
        "incometaxexpensebenefit": -33400000,
        "netincomeloss": -543600000,
        "earningspersharebasic": -3.2,
        "earningspersharediluted": -3.2,
        "othercomprehensiveincomelossforeigncurrencytransactionandtranslationadjustmentnetoftax": -63100000,
        "othercomprehensiveincomelossavailableforsalesecuritiesadjustmentnetoftax": 400000,
        "othercomprehensiveincomelossnetoftax": -62700000,
        "comprehensiveincomenetoftaxincludingportionattributabletononcontrollinginterest": -606300000
    },
    {
        "date": "2023-06-29",
        "symbol": "TTWO",
        "period": "Q1",
        "revenuefromcontractwithcustomerexcludingassessedtax": 44700000,
        "costofgoodsandservicessold": 605500000,
        "grossprofit": 679200000,
        "sellingandmarketingexpense": 400900000,
        "researchanddevelopmentexpensesoftwareexcludingacquiredinprocesscost": 244000000,
        "generalandadministrativeexpense": 198200000,
        "depreciationdepletionandamortization": 40400000,
        "operatingexpenses": 883500000,
        "operatingincomeloss": -204300000,
        "othernonoperatingincomeexpense": -25400000,
        "gainlossoninvestments": 800000,
        "incomelossfromcontinuingoperationsbeforeincometaxesextraordinaryitemsnoncontrollinginterest": -228900000,
        "incometaxexpensebenefit": -22900000,
        "netincomeloss": -206000000,
        "earningspersharebasic": -1.22,
        "earningspersharediluted": -1.22,
        "othercomprehensiveincomeforeigncurrencytransactionandtranslationadjustmentnetoftaxportionattributabletoparent": 26000000,
        "othercomprehensiveincomelossavailableforsalesecuritiesadjustmentnetoftax": 900000,
        "othercomprehensiveincomelossnetoftaxportionattributabletoparent": 26900000,
        "comprehensiveincomenetoftax": -179100000
    },
    {
        "date": "2022-12-30",
        "symbol": "TTWO",
        "period": "Q3",
        "revenuefromcontractwithcustomerexcludingassessedtax": 71100000,
        "costofrevenue": 691900000,
        "grossprofit": 715900000,
        "sellingandmarketingexpense": 446700000,
        "researchanddevelopmentexpensesoftwareexcludingacquiredinprocesscost": 238200000,
        "generalandadministrativeexpense": 6800000,
        "depreciationdepletionandamortization": 35000000,
        "operatingexpenses": 888800000,
        "operatingincomeloss": -172900000,
        "othernonoperatingincomeexpense": -28300000,
        "gainlossoninvestments": 1100000,
        "incomelossfromcontinuingoperationsbeforeincometaxesextraordinaryitemsnoncontrollinginterest": -200100000,
        "incometaxexpensebenefit": -46700000,
        "netincomeloss": -153400000,
        "earningspersharebasic": -0.91,
        "earningspersharediluted": -0.91,
        "othercomprehensiveincomelossforeigncurrencytransactionandtranslationadjustmentnetoftax": 100700000,
        "othercomprehensiveincomelossavailableforsalesecuritiesadjustmentnetoftax": 1400000,
        "othercomprehensiveincomelossnetoftax": 102100000,
        "comprehensiveincomenetoftaxincludingportionattributabletononcontrollinginterest": -51300000
    },
    {
        "date": "2022-09-29",
        "symbol": "TTWO",
        "period": "Q2",
        "revenuefromcontractwithcustomerexcludingassessedtax": 74300000,
        "costofrevenue": 713900000,
        "grossprofit": 679600000,
        "sellingandmarketingexpense": 444400000,
        "generalandadministrativeexpense": 214600000,
        "researchanddevelopmentexpensesoftwareexcludingacquiredinprocesscost": 243200000,
        "depreciationdepletionandamortization": 29900000,
        "operatingexpenses": 932100000,
        "operatingincomeloss": -252500000,
        "othernonoperatingincomeexpense": -50500000,
        "gainlossoninvestments": 1900000,
        "incomelossfromcontinuingoperationsbeforeincometaxesextraordinaryitemsnoncontrollinginterest": -301100000,
        "incometaxexpensebenefit": -44100000,
        "netincomeloss": -257000000,
        "earningspersharebasic": -1.54,
        "earningspersharediluted": -1.54,
        "othercomprehensiveincomelossforeigncurrencytransactionandtranslationadjustmentnetoftax": -116300000,
        "othercomprehensiveincomelossavailableforsalesecuritiesadjustmentnetoftax": 500000,
        "othercomprehensiveincomelossnetoftax": -115800000,
        "comprehensiveincomenetoftaxincludingportionattributabletononcontrollinginterest": -372800000
    },
    {
        "date": "2022-06-29",
        "symbol": "TTWO",
        "period": "Q1",
        "revenuefromcontractwithcustomerexcludingassessedtax": 64599999.99999999,
        "costofrevenue": 435700000,
        "grossprofit": 666700000,
        "sellingandmarketingexpense": 272100000,
        "generalandadministrativeexpense": 237100000,
        "researchanddevelopmentexpensesoftwareexcludingacquiredinprocesscost": 172600000,
        "depreciationdepletionandamortization": 22300000,
        "operatingexpenses": 704100000,
        "operatingincomeloss": -37400000,
        "othernonoperatingincomeexpense": -29300000,
        "gainlossoninvestments": -39600000,
        "incomelossfromcontinuingoperationsbeforeincometaxesextraordinaryitemsnoncontrollinginterest": -106300000,
        "incometaxexpensebenefit": -2300000,
        "netincomeloss": -104000000,
        "earningspersharebasic": -0.76,
        "earningspersharediluted": -0.76,
        "othercomprehensiveincomelossforeigncurrencytransactionandtranslationadjustmentnetoftax": -62800000,
        "othercomprehensiveincomelossavailableforsalesecuritiesadjustmentnetoftax": -400000,
        "othercomprehensiveincomelossnetoftax": -63200000,
        "comprehensiveincomenetoftaxincludingportionattributabletononcontrollinginterest": -167200000
    },
    {
        "date": "2022-03-30",
        "symbol": "TTWO",
        "period": "Q4",
        "revenuefromcontractwithcustomerexcludingassessedtax": 96665000,
        "costofgoodsandservicessold": 398625000,
        "grossprofit": 531379000,
        "sellingandmarketingexpense": 141270000,
        "generalandadministrativeexpense": 148371000,
        "researchanddevelopmentexpensesoftwareexcludingacquiredinprocesscost": 96108000,
        "depreciationdepletionandamortization": 16463000,
        "restructuringcharges": 303000,
        "operatingexpenses": 402515000,
        "operatingincomeloss": 128864000,
        "othernonoperatingincomeexpense": -6984000,
        "gainlossoninvestments": -39000,
        "incometaxexpensebenefit": 10869000,
        "earningspersharebasic": 0.9600000000000002,
        "earningspersharediluted": 0.95,
        "othercomprehensiveincomelossforeigncurrencytransactionandtranslationadjustmentnetoftax": -19493000,
        "othercomprehensiveincomelossavailableforsalesecuritiesadjustmentnetoftax": -3269000,
        "othercomprehensiveincomelossnetoftax": -22762000,
        "comprehensiveincomenetoftaxincludingportionattributabletononcontrollinginterest": 88210000
    },
    {
        "date": "2021-12-30",
        "symbol": "TTWO",
        "period": "Q3",
        "revenuefromcontractwithcustomerexcludingassessedtax": 107537000,
        "costofgoodsandservicessold": 350379000,
        "grossprofit": 552873000,
        "sellingandmarketingexpense": 135286000,
        "generalandadministrativeexpense": 130706000,
        "researchanddevelopmentexpensesoftwareexcludingacquiredinprocesscost": 116656000,
        "depreciationdepletionandamortization": 15996000,
        "restructuringcharges": 123000,
        "operatingexpenses": 398767000,
        "operatingincomeloss": 154106000,
        "othernonoperatingincomeexpense": -5629000,
        "gainlossoninvestments": 3662000,
        "incomelossfromcontinuingoperationsbeforeincometaxesextraordinaryitemsnoncontrollinginterest": 152139000,
        "incometaxexpensebenefit": 7642000,
        "netincomeloss": 144497000,
        "earningspersharebasic": 1.25,
        "earningspersharediluted": 1.24,
        "othercomprehensiveincomelossforeigncurrencytransactionandtranslationadjustmentnetoftax": -13497000,
        "othercomprehensiveincomelossavailableforsalesecuritiesadjustmentnetoftax": -1339000,
        "othercomprehensiveincomelossnetoftax": -14836000,
        "comprehensiveincomenetoftaxincludingportionattributabletononcontrollinginterest": 129661000
    },
    {
        "date": "2021-09-29",
        "symbol": "TTWO",
        "period": "Q2",
        "revenuefromcontractwithcustomerexcludingassessedtax": 79101000,
        "costofgoodsandservicessold": 456682000,
        "grossprofit": 401516000,
        "sellingandmarketingexpense": 136019000,
        "generalandadministrativeexpense": 127331000,
        "researchanddevelopmentexpensesoftwareexcludingacquiredinprocesscost": 101508000,
        "depreciationdepletionandamortization": 16181000,
        "restructuringcharges": 326000,
        "operatingexpenses": 381365000,
        "operatingincomeloss": 20151000,
        "othernonoperatingincomeexpense": -572000,
        "gainlossoninvestments": 395000,
        "incomelossfromcontinuingoperationsbeforeincometaxesextraordinaryitemsnoncontrollinginterest": 19974000,
        "incometaxexpensebenefit": 9677000,
        "netincomeloss": 10297000,
        "earningspersharebasic": 0.09,
        "earningspersharediluted": 0.09,
        "othercomprehensiveincomelossforeigncurrencytransactionandtranslationadjustmentnetoftax": -16731000,
        "othercomprehensiveincomelossavailableforsalesecuritiesadjustmentnetoftax": -246000,
        "othercomprehensiveincomelossnetoftax": -16977000,
        "comprehensiveincomenetoftaxincludingportionattributabletononcontrollinginterest": -6680000
    },
    {
        "date": "2021-06-29",
        "symbol": "TTWO",
        "period": "Q1",
        "revenuefromcontractwithcustomerexcludingassessedtax": 813346000,
        "costofgoodsandservicessold": 329715000,
        "grossprofit": 483631000,
        "sellingandmarketingexpense": 103854000,
        "generalandadministrativeexpense": 104447000,
        "researchanddevelopmentexpensesoftwareexcludingacquiredinprocesscost": 92294000,
        "depreciationdepletionandamortization": 12465000,
        "restructuringcharges": 97000,
        "operatingexpenses": 313157000,
        "operatingincomeloss": 170474000,
        "othernonoperatingincomeexpense": -1027000,
        "gainlossoninvestments": 1997000,
        "incomelossfromcontinuingoperationsbeforeincometaxesminorityinterestandincomelossfromequitymethodinvestments": 171444000,
        "incometaxexpensebenefit": 19188000,
        "profitloss": 152256000,
        "earningspersharebasic": 1.32,
        "earningspersharediluted": 1.3,
        "othercomprehensiveincomelossforeigncurrencytransactionandtranslationadjustmentnetoftax": 6132000,
        "othercomprehensiveincomelossavailableforsalesecuritiesadjustmentnetoftax": -238000,
        "othercomprehensiveincomelossnetoftax": 5894000,
        "comprehensiveincomenetoftaxincludingportionattributabletononcontrollinginterest": 158150000
    },
    {
        "date": "2021-03-30",
        "symbol": "TTWO",
        "period": "Q4",
        "revenuefromcontractwithcustomerexcludingassessedtax": 839431000,
        "costofgoodsandservicessold": 279647000,
        "grossprofit": 559784000,
        "sellingandmarketingexpense": 106609000,
        "generalandadministrativeexpense": 98453000,
        "researchanddevelopmentexpensesoftwareexcludingacquiredinprocesscost": 83559000,
        "depreciationdepletionandamortization": 15480000,
        "operatingexpenses": 303967000,
        "operatingincomeloss": 255817000,
        "othernonoperatingincomeexpense": -3226000,
        "incomelossfromcontinuingoperationsbeforeincometaxesminorityinterestandincomelossfromequitymethodinvestments": 253591000,
        "incometaxexpensebenefit": 34779000,
        "netincomeloss": 218812000,
        "earningspersharebasic": 1.9099999999999995,
        "earningspersharediluted": 1.8899999999999997,
        "othercomprehensiveincomeforeigncurrencytransactionandtranslationadjustmentnetoftaxportionattributabletoparent": -2444000,
        "othercomprehensiveincomelossnetoftaxportionattributabletoparent": -3080000,
        "comprehensiveincomenetoftax": 215732000
    },
    {
        "date": "2020-12-30",
        "symbol": "TTWO",
        "period": "Q3",
        "revenuefromcontractwithcustomerexcludingassessedtax": 860889000,
        "costofgoodsandservicessold": 346244000,
        "grossprofit": 514645000,
        "sellingandmarketingexpense": 139906000,
        "generalandadministrativeexpense": 98624000,
        "researchanddevelopmentexpensesoftwareexcludingacquiredinprocesscost": 86428000,
        "depreciationdepletionandamortization": 14007000,
        "operatingexpenses": 338588000,
        "operatingincomeloss": 176057000,
        "othernonoperatingincomeexpense": 1098000,
        "incomelossfromcontinuingoperationsbeforeincometaxesminorityinterestandincomelossfromequitymethodinvestments": 216446000,
        "incometaxexpensebenefit": 34198000,
        "netincomeloss": 182248000,
        "earningspersharebasic": 1.5800000000000003,
        "earningspersharediluted": 1.5700000000000003,
        "othercomprehensiveincomeforeigncurrencytransactionandtranslationadjustmentnetoftaxportionattributabletoparent": 30135000,
        "othercomprehensiveincomeavailableforsalesecuritiesadjustmentnetoftaxportionattributabletoparent": -295000,
        "othercomprehensiveincomelossnetoftaxportionattributabletoparent": 29240000,
        "comprehensiveincomenetoftax": 211488000
    },
    {
        "date": "2020-09-29",
        "symbol": "TTWO",
        "period": "Q2",
        "revenuefromcontractwithcustomerexcludingassessedtax": 841142000,
        "costofgoodsandservicessold": 432505000,
        "grossprofit": 408637000,
        "sellingandmarketingexpense": 113691000,
        "generalandadministrativeexpense": 91433000,
        "researchanddevelopmentexpensesoftwareexcludingacquiredinprocesscost": 74216000,
        "depreciationdepletionandamortization": 13691000,
        "operatingexpenses": 293270000,
        "operatingincomeloss": 115367000,
        "othernonoperatingincomeexpense": 2706000,
        "incomelossfromcontinuingoperationsbeforeincometaxesminorityinterestandincomelossfromequitymethodinvestments": 117418000,
        "incometaxexpensebenefit": 18097000,
        "netincomeloss": 99321000,
        "earningspersharebasic": 0.8699999999999999,
        "earningspersharediluted": 0.8599999999999999,
        "othercomprehensiveincomeforeigncurrencytransactionandtranslationadjustmentnetoftaxportionattributabletoparent": 18861000,
        "othercomprehensiveincomelosscashflowhedgegainlossbeforereclassificationandtax": 0,
        "othercomprehensiveincomelosscashflowhedgegainlossreclassificationbeforetax": 0,
        "othercomprehensiveincomelosscashflowhedgegainlossafterreclassificationtaxparent": 0,
        "othercomprehensiveincomelosscashflowhedgegainlossafterreclassificationandtaxparent": 0,
        "othercomprehensiveincomeavailableforsalesecuritiesadjustmentnetoftaxportionattributabletoparent": -1554000,
        "othercomprehensiveincomelossnetoftaxportionattributabletoparent": 17307000,
        "comprehensiveincomenetoftax": 116628000
    },
    {
        "date": "2020-06-29",
        "symbol": "TTWO",
        "period": "Q1",
        "revenuefromcontractwithcustomerexcludingassessedtax": 831310000,
        "costofgoodsandservicessold": 476689000,
        "grossprofit": 354621000,
        "generalandadministrativeexpense": 102173000,
        "sellingandmarketingexpense": 84779000,
        "researchanddevelopmentexpensesoftwareexcludingacquiredinprocesscost": 73108000,
        "depreciationdepletionandamortization": 12418000,
        "operatingexpenses": 272478000,
        "operatingincomeloss": 82143000,
        "othernonoperatingincomeexpense": 8218000,
        "incomelossfromcontinuingoperationsbeforeincometaxesminorityinterestandincomelossfromequitymethodinvestments": 90361000,
        "incometaxexpensebenefit": 1856000,
        "netincomeloss": 88505000,
        "earningspersharebasic": 0.78,
        "earningspersharediluted": 0.77,
        "othercomprehensiveincomeforeigncurrencytransactionandtranslationadjustmentnetoftaxportionattributabletoparent": 4701000,
        "othercomprehensiveincomelosscashflowhedgegainlossbeforereclassificationandtax": -3817000,
        "othercomprehensiveincomelosscashflowhedgegainlossreclassificationbeforetax": 1333000,
        "othercomprehensiveincomelosscashflowhedgegainlossafterreclassificationtaxparent": -845000,
        "othercomprehensiveincomelosscashflowhedgegainlossafterreclassificationandtaxparent": -4305000,
        "othercomprehensiveincomeavailableforsalesecuritiesadjustmentnetoftaxportionattributabletoparent": 5849000,
        "othercomprehensiveincomelossnetoftaxportionattributabletoparent": 6245000,
        "comprehensiveincomenetoftax": 94750000
    },
    {
        "date": "2020-03-30",
        "symbol": "TTWO",
        "period": "Q4",
        "revenuefromcontractwithcustomerexcludingassessedtax": 760541000,
        "costofgoodsandservicessold": 395640000,
        "grossprofit": 364901000,
        "sellingandmarketingexpense": 79969000,
        "generalandadministrativeexpense": 82212000,
        "researchanddevelopmentexpensesoftwareexcludingacquiredinprocesscost": 68718000,
        "depreciationdepletionandamortization": 12502000,
        "restructuringcharges": -384000,
        "operatingexpenses": 243017000,
        "operatingincomeloss": 121884000,
        "othernonoperatingincomeexpense": 8083000,
        "incomelossfromcontinuingoperationsbeforeincometaxesminorityinterestandincomelossfromequitymethodinvestments": 124634000,
        "incometaxexpensebenefit": 1912000,
        "netincomeloss": 122722000,
        "earningspersharebasic": 1.1000000000000003,
        "earningspersharediluted": 1.0700000000000005,
        "othercomprehensiveincomeforeigncurrencytransactionandtranslationadjustmentnetoftaxportionattributabletoparent": -24253000,
        "othercomprehensiveincomelosscashflowhedgegainlossbeforereclassificationandtax": 8141000,
        "othercomprehensiveincomelosscashflowhedgegainlossreclassificationbeforetax": 466000,
        "othercomprehensiveincomelosscashflowhedgegainlossafterreclassificationtaxparent": -474000,
        "othercomprehensiveincomelosscashflowhedgegainlossafterreclassificationandtax": 8149000,
        "othercomprehensiveincomelossavailableforsalesecuritiesadjustmentnetoftax": -3785000,
        "othercomprehensiveincomelossnetoftaxportionattributabletoparent": -19889000,
        "comprehensiveincomenetoftax": 102833000
    },
    {
        "date": "2019-12-30",
        "symbol": "TTWO",
        "period": "Q3",
        "revenuefromcontractwithcustomerexcludingassessedtax": 930129000,
        "costofgoodsandservicessold": 437093000,
        "grossprofit": 493036000,
        "sellingandmarketingexpense": 137068000,
        "generalandadministrativeexpense": 84531000,
        "researchanddevelopmentexpensesoftwareexcludingacquiredinprocesscost": 82520000,
        "depreciationdepletionandamortization": 12330000,
        "restructuringcharges": -246000,
        "operatingexpenses": 316203000,
        "operatingincomeloss": 176833000,
        "othernonoperatingincomeexpense": 11943000,
        "incomelossfromcontinuingoperationsbeforeincometaxesminorityinterestandincomelossfromequitymethodinvestments": 188776000,
        "incometaxexpensebenefit": 25134000,
        "netincomeloss": 163642000,
        "earningspersharebasic": 1.44,
        "earningspersharediluted": 1.43,
        "othercomprehensiveincomeforeigncurrencytransactionandtranslationadjustmentnetoftaxportionattributabletoparent": 18172000,
        "othercomprehensiveincomelosscashflowhedgegainlossbeforereclassificationandtax": -3728000,
        "othercomprehensiveincomelosscashflowhedgegainlossreclassificationbeforetax": -2184000,
        "othercomprehensiveincomelosscashflowhedgegainlossafterreclassificationtaxparent": 386000,
        "othercomprehensiveincomelosscashflowhedgegainlossafterreclassificationandtax": -1930000,
        "othercomprehensiveincomelossavailableforsalesecuritiesadjustmentnetoftax": -267000,
        "othercomprehensiveincomelossnetoftaxportionattributabletoparent": 15975000,
        "comprehensiveincomenetoftax": 179617000
    },
    {
        "date": "2019-09-29",
        "symbol": "TTWO",
        "period": "Q2",
        "netincomeloss": 71815000,
        "othercomprehensiveincomeforeigncurrencytransactionandtranslationadjustmentnetoftaxportionattributabletoparent": -12567000,
        "othercomprehensiveincomelosscashflowhedgegainlossbeforereclassificationandtax": 5889000,
        "othercomprehensiveincomelosscashflowhedgegainlossreclassificationbeforetax": 4490000,
        "othercomprehensiveincomelosscashflowhedgegainlossafterreclassificationtaxparent": -696000,
        "othercomprehensiveincomelosscashflowhedgegainlossafterreclassificationandtax": 2095000,
        "othercomprehensiveincomelossavailableforsalesecuritiesadjustmentnetoftax": -2000,
        "othercomprehensiveincomelossnetoftaxportionattributabletoparent": -10474000,
        "comprehensiveincomenetoftax": 61341000,
        "revenuefromcontractwithcustomerexcludingassessedtax": 857841000,
        "costofgoodsandservicessold": 468248000,
        "grossprofit": 389593000,
        "sellingandmarketingexpense": 149566000,
        "generalandadministrativeexpense": 76659000,
        "researchanddevelopmentexpensesoftwareexcludingacquiredinprocesscost": 76197000,
        "depreciationdepletionandamortization": 12024000,
        "restructuringcharges": 327000,
        "operatingexpenses": 314773000,
        "operatingincomeloss": 74820000,
        "othernonoperatingincomeexpense": 8054000,
        "incomelossfromcontinuingoperationsbeforeincometaxesminorityinterestandincomelossfromequitymethodinvestments": 82874000,
        "incometaxexpensebenefit": 11059000,
        "earningspersharebasic": 0.63,
        "earningspersharediluted": 0.63
    },
    {
        "date": "2019-06-29",
        "symbol": "TTWO",
        "period": "Q1",
        "netincomeloss": 46280000,
        "othercomprehensiveincomeforeigncurrencytransactionandtranslationadjustmentnetoftaxportionattributabletoparent": -8797000,
        "othercomprehensiveincomelosscashflowhedgegainlossbeforereclassificationandtax": 202000,
        "othercomprehensiveincomelosscashflowhedgegainlossreclassificationbeforetax": -1083000,
        "othercomprehensiveincomelosscashflowhedgegainlossafterreclassificationtaxparent": 9000,
        "othercomprehensiveincomelosscashflowhedgegainlossafterreclassificationandtax": 1276000,
        "othercomprehensiveincomeunrealizedholdinggainlossonsecuritiesarisingduringperiodnetoftax": 722000,
        "othercomprehensiveincomelossavailableforsalesecuritiesadjustmentnetoftax": 722000,
        "othercomprehensiveincomelossnetoftaxportionattributabletoparent": -6799000,
        "comprehensiveincomenetoftax": 39481000,
        "revenuefromcontractwithcustomerexcludingassessedtax": 540459000,
        "costofgoodsandservicessold": 241469000,
        "grossprofit": 298990000,
        "sellingandmarketingexpense": 91821000,
        "generalandadministrativeexpense": 74833000,
        "researchanddevelopmentexpensesoftwareexcludingacquiredinprocesscost": 68963000,
        "depreciationdepletionandamortization": 11257000,
        "restructuringcharges": 386000,
        "operatingexpenses": 247260000,
        "operatingincomeloss": 51730000,
        "othernonoperatingincomeexpense": 10425000,
        "incomelossfromcontinuingoperationsbeforeincometaxesminorityinterestandincomelossfromequitymethodinvestments": 62155000,
        "incometaxexpensebenefit": 15875000,
        "earningspersharebasic": 0.41,
        "earningspersharediluted": 0.41
    },
    {
        "date": "2018-12-30",
        "symbol": "TTWO",
        "period": "Q3",
        "netincomeloss": -230704000,
        "othercomprehensiveincomeforeigncurrencytransactionandtranslationadjustmentnetoftaxportionattributabletoparent": -16331000,
        "othercomprehensiveincomelosscashflowhedgegainlossbeforereclassificationandtax": 2350000,
        "othercomprehensiveincomelosscashflowhedgegainlossafterreclassificationtaxparent": -58000,
        "othercomprehensiveincomelosscashflowhedgegainlossafterreclassificationandtax": 2408000,
        "othercomprehensiveincomeunrealizedholdinggainlossonsecuritiesarisingduringperiodnetoftax": 168000,
        "othercomprehensiveincomelossavailableforsalesecuritiesadjustmentnetoftax": 168000,
        "othercomprehensiveincomelossnetoftaxportionattributabletoparent": -13755000,
        "comprehensiveincomenetoftax": 166193000,
        "revenuefromcontractwithcustomerexcludingassessedtax": 486563000,
        "costofgoodsandservicessold": 603170000,
        "grossprofit": -116607000,
        "sellingandmarketingexpense": 161322000,
        "generalandadministrativeexpense": 70638000,
        "researchanddevelopmentexpensesoftwareexcludingacquiredinprocesscost": 62305000,
        "depreciationdepletionandamortization": 10140000,
        "restructuringcharges": -5930000,
        "operatingexpenses": 298475000,
        "operatingincomeloss": -415082000,
        "othernonoperatingincomeexpense": 7808000,
        "incomelossfromcontinuingoperationsbeforeincometaxesminorityinterestandincomelossfromequitymethodinvestments": -407274000,
        "incometaxexpensebenefit": -176570000,
        "earningspersharebasic": -2.03,
        "earningspersharediluted": 3.6
    },
    {
        "date": "2018-09-29",
        "symbol": "TTWO",
        "period": "Q2",
        "netincomeloss": 66762000,
        "othercomprehensiveincomeforeigncurrencytransactionandtranslationadjustmentnetoftaxportionattributabletoparent": 2482000,
        "othercomprehensiveincomelosscashflowhedgegainlossbeforereclassificationandtax": 878000,
        "othercomprehensiveincomelosscashflowhedgegainlossafterreclassificationtaxparent": 24000,
        "othercomprehensiveincomelosscashflowhedgegainlossafterreclassificationandtax": 854000,
        "othercomprehensiveincomeunrealizedholdinggainlossonsecuritiesarisingduringperiodnetoftax": 481000,
        "othercomprehensiveincomelossavailableforsalesecuritiesadjustmentnetoftax": 481000,
        "othercomprehensiveincomelossnetoftaxportionattributabletoparent": 3817000,
        "comprehensiveincomenetoftax": 29184000,
        "revenuefromcontractwithcustomerexcludingassessedtax": 457441000,
        "costofgoodsandservicessold": 193483000,
        "grossprofit": 263958000,
        "sellingandmarketingexpense": 94165000,
        "generalandadministrativeexpense": 67320000,
        "researchanddevelopmentexpensesoftwareexcludingacquiredinprocesscost": 60565000,
        "depreciationdepletionandamortization": 9751000,
        "restructuringcharges": -5147000,
        "operatingexpenses": 231801000,
        "operatingincomeloss": 32157000,
        "othernonoperatingincomeexpense": 4935000,
        "incomelossfromcontinuingoperationsbeforeincometaxesminorityinterestandincomelossfromequitymethodinvestments": 37092000,
        "incometaxexpensebenefit": -29670000,
        "earningspersharebasic": -0.9099999999999999,
        "earningspersharediluted": -0.8999999999999999
    },
    {
        "date": "2018-06-29",
        "symbol": "TTWO",
        "period": "Q1",
        "netincomeloss": 67104000,
        "othercomprehensiveincomeforeigncurrencytransactionandtranslationadjustmentnetoftaxportionattributabletoparent": -26817000,
        "othercomprehensiveincomelosscashflowhedgegainlossbeforereclassificationandtax": 991000,
        "othercomprehensiveincomelosscashflowhedgegainlossafterreclassificationtaxparent": -133000,
        "othercomprehensiveincomelosscashflowhedgegainlossafterreclassificationandtax": 1124000,
        "othercomprehensiveincomeunrealizedholdinggainlossonsecuritiesarisingduringperiodnetoftax": 409000,
        "othercomprehensiveincomelossavailableforsalesecuritiesadjustmentnetoftax": 409000,
        "othercomprehensiveincomelossnetoftaxportionattributabletoparent": -25284000,
        "comprehensiveincomenetoftax": 46409000,
        "revenuefromcontractwithcustomerexcludingassessedtax": 401981000,
        "costofgoodsandservicessold": 157089000,
        "grossprofit": 244892000,
        "generalandadministrativeexpense": 67735000,
        "sellingandmarketingexpense": 58306000,
        "researchanddevelopmentexpensesoftwareexcludingacquiredinprocesscost": 50712000,
        "depreciationdepletionandamortization": 9260000,
        "restructuringcharges": 4905000,
        "operatingexpenses": 185771000,
        "operatingincomeloss": 59121000,
        "othernonoperatingincomeexpense": 6013000,
        "incomelossfromcontinuingoperationsbeforeincometaxesminorityinterestandincomelossfromequitymethodinvestments": 65134000,
        "incometaxexpensebenefit": -1970000,
        "earningspersharebasic": 0.59,
        "earningspersharediluted": 0.58
    },
    {
        "date": "2018-03-30",
        "symbol": "TTWO",
        "period": "Q4",
        "netincomeloss": 320659000,
        "othercomprehensiveincomeforeigncurrencytransactionandtranslationadjustmentnetoftaxportionattributabletoparent": 19991000,
        "othercomprehensiveincomeunrealizedholdinggainlossonsecuritiesarisingduringperiodnetoftax": -1073000,
        "othercomprehensiveincomelossavailableforsalesecuritiesadjustmentnetoftax": -1073000,
        "othercomprehensiveincomelossnetoftaxportionattributabletoparent": 15367000,
        "comprehensiveincomenetoftax": 106220000,
        "salesrevenuenet": -1244776000,
        "costofgoodssold": 189211000,
        "grossprofit": 261063000,
        "sellingandmarketingexpense": 47451000,
        "generalandadministrativeexpense": 128286000,
        "researchanddevelopmentexpensesoftwareexcludingacquiredinprocesscost": 54128000,
        "restructuringcharges": 1730000,
        "depreciationdepletionandamortization": 9479000,
        "operatingexpenses": 173238000,
        "operatingincomeloss": 87825000,
        "othernonoperatingincomeexpense": 9977000,
        "incomelossfromcontinuingoperationsbeforeincometaxesminorityinterestandincomelossfromequitymethodinvestments": -295938000,
        "incometaxexpensebenefit": -8629000,
        "earningspersharebasic": -1.9699999999999998,
        "earningspersharediluted": -1.85
    },
    {
        "date": "2017-12-30",
        "symbol": "TTWO",
        "period": "Q3",
        "netincomeloss": -57150000,
        "othercomprehensiveincomeforeigncurrencytransactionandtranslationadjustmentnetoftaxportionattributabletoparent": -385000,
        "othercomprehensiveincomelossderivativesqualifyingashedgesnetoftax": -1423000,
        "othercomprehensiveincomeunrealizedholdinggainlossonsecuritiesarisingduringperiodnetoftax": -816000,
        "othercomprehensiveincomelossavailableforsalesecuritiesadjustmentnetoftax": -816000,
        "othercomprehensiveincomelossnetoftaxportionattributabletoparent": -2624000,
        "comprehensiveincomenetoftax": 22516000,
        "salesrevenuenet": 480840000,
        "costofgoodssold": 267983000,
        "grossprofit": 212857000,
        "sellingandmarketingexpense": 79513000,
        "generalandadministrativeexpense": 65951000,
        "researchanddevelopmentexpensesoftwareexcludingacquiredinprocesscost": 49977000,
        "depreciationdepletionandamortization": 7864000,
        "restructuringcharges": 700000,
        "operatingexpenses": 204005000,
        "operatingincomeloss": 8852000,
        "othernonoperatingincomeexpense": 700000,
        "incomelossfromcontinuingoperationsbeforeincometaxesminorityinterestandincomelossfromequitymethodinvestments": 12226000,
        "incometaxexpensebenefit": -12914000,
        "earningspersharebasic": -0.5,
        "earningspersharediluted": -0.49
    },
    {
        "date": "2017-09-29",
        "symbol": "TTWO",
        "period": "Q2",
        "netincomeloss": -66245000,
        "othercomprehensiveincomeforeigncurrencytransactionandtranslationadjustmentnetoftaxportionattributabletoparent": 14297000,
        "othercomprehensiveincomelossderivativesqualifyingashedgesnetoftax": -5217000,
        "othercomprehensiveincomeunrealizedholdinggainlossonsecuritiesarisingduringperiodnetoftax": 27000,
        "othercomprehensiveincomelossavailableforsalesecuritiesadjustmentnetoftax": 27000,
        "othercomprehensiveincomelossnetoftaxportionattributabletoparent": 9107000,
        "comprehensiveincomenetoftax": 6371000,
        "salesrevenuenet": 443562000,
        "costofgoodssold": 246548000,
        "grossprofit": 197014000,
        "sellingandmarketingexpense": 76914000,
        "generalandadministrativeexpense": -7012000,
        "researchanddevelopmentexpensesoftwareexcludingacquiredinprocesscost": 49999000,
        "depreciationdepletionandamortization": 18883000,
        "restructuringcharges": 1713000,
        "operatingexpenses": 208333000,
        "operatingincomeloss": -11319000,
        "othernonoperatingincomeexpense": -2969000,
        "incomelossfromcontinuingoperationsbeforeincometaxesminorityinterestandincomelossfromequitymethodinvestments": -14288000,
        "incometaxexpensebenefit": -2500000,
        "earningspersharebasic": -0.03,
        "earningspersharediluted": -0.03
    },
    {
        "date": "2017-06-29",
        "symbol": "TTWO",
        "period": "Q1",
        "netincomeloss": -23731000,
        "othercomprehensiveincomeforeigncurrencytransactionandtranslationadjustmentnetoftaxportionattributabletoparent": 9476000,
        "othercomprehensiveincomeunrealizedholdinggainlossonsecuritiesarisingduringperiodnetoftax": 84000,
        "othercomprehensiveincomelossavailableforsalesecuritiesadjustmentnetoftax": 84000,
        "othercomprehensiveincomelossnetoftaxportionattributabletoparent": 9560000,
        "comprehensiveincomenetoftax": 69836000,
        "salesrevenuenet": 418216000,
        "costofgoodssold": 194569000,
        "grossprofit": 223647000,
        "generalandadministrativeexpense": 60603000,
        "sellingandmarketingexpense": 52214000,
        "researchanddevelopmentexpensesoftwareexcludingacquiredinprocesscost": 42269000,
        "restructuringcharges": 10599000,
        "depreciationdepletionandamortization": 7743000,
        "operatingexpenses": 173428000,
        "operatingincomeloss": 50219000,
        "othernonoperatingincomeexpense": -2808000,
        "incomelossfromcontinuingoperationsbeforeincometaxesminorityinterestandincomelossfromequitymethodinvestments": 47411000,
        "incometaxexpensebenefit": -12865000,
        "earningspersharebasic": 0.57,
        "earningspersharediluted": 0.56
    },
    {
        "date": "2014-06-29",
        "symbol": "TTWO",
        "period": "Q1",
        "salesrevenuenet": 45224000,
        "costofgoodssold": 54156000,
        "grossprofit": 71269000,
        "generalandadministrativeexpense": 39352000,
        "sellingandmarketingexpense": 36846000,
        "researchanddevelopmentexpensesoftwareexcludingacquiredinprocesscost": 24132000,
        "depreciationdepletionandamortization": 4148000,
        "operatingexpenses": 104478000,
        "operatingincomeloss": -33209000,
        "othernonoperatingincomeexpense": -7719000,
        "incomelossfromcontinuingoperationsbeforeincometaxesminorityinterestandincomelossfromequitymethodinvestments": -40928000,
        "incometaxexpensebenefit": -5525000,
        "incomelossfromcontinuingoperations": -35403000,
        "netincomeloss": -35403000,
        "incomelossfromcontinuingoperationsperbasicanddilutedshare": -0.45,
        "earningspersharebasicanddiluted": -0.45,
        "othercomprehensiveincomeforeigncurrencytransactionandtranslationadjustmentnetoftaxportionattributabletoparent": 3972000,
        "othercomprehensiveincomederivativesqualifyingashedgesnetoftaxportionattributabletoparent": 32000,
        "othercomprehensiveincomeunrealizedholdinggainlossonsecuritiesarisingduringperiodnetoftax": -27000,
        "othercomprehensiveincomelossnetoftaxportionattributabletoparent": 3977000,
        "comprehensiveincomenetoftax": -31426000
    },
    {
        "date": "2013-12-30",
        "symbol": "TTWO",
        "period": "Q3",
        "salesrevenuenet": 1735555000,
        "costofgoodssold": 1119734000,
        "grossprofit": 744135000,
        "sellingandmarketingexpense": 70476000,
        "generalandadministrativeexpense": 34718000,
        "researchanddevelopmentexpensesoftwareexcludingacquiredinprocesscost": 29233000,
        "depreciationdepletionandamortization": 3413000,
        "operatingexpenses": 137840000,
        "operatingincomeloss": 606295000,
        "othernonoperatingincomeexpense": -4038000,
        "incomelossfromcontinuingoperationsbeforeincometaxesminorityinterestandincomelossfromequitymethodinvestments": 600346000,
        "incometaxexpensebenefit": 21902000,
        "incomelossfromcontinuingoperations": 578444000,
        "incomelossfromdiscontinuedoperationsnetoftaxattributabletoreportingentity": -18000,
        "netincomeloss": 578426000,
        "incomelossfromcontinuingoperationsperbasicshare": 6.13,
        "earningspersharebasic": 6.13,
        "incomelossfromcontinuingoperationsperdilutedshare": 5.3999999999999995,
        "earningspersharediluted": 5.3999999999999995,
        "othercomprehensiveincomeforeigncurrencytransactionandtranslationadjustmentnetoftaxportionattributabletoparent": -474000,
        "othercomprehensiveincomederivativesqualifyingashedgesnetoftaxportionattributabletoparent": 67000,
        "othercomprehensiveincomelossnetoftaxportionattributabletoparent": -407000,
        "comprehensiveincomenetoftax": 578019000
    },
    {
        "date": "2013-09-29",
        "symbol": "TTWO",
        "period": "Q2",
        "salesrevenuenet": 59370000,
        "costofgoodssold": 92463000,
        "grossprofit": 56361000,
        "sellingandmarketingexpense": 101342000,
        "generalandadministrativeexpense": 43023000,
        "researchanddevelopmentexpensesoftwareexcludingacquiredinprocesscost": 26520000,
        "depreciationdepletionandamortization": 3367000,
        "operatingexpenses": 174252000,
        "operatingincomeloss": -117891000,
        "othernonoperatingincomeexpense": -10747000,
        "gainslossesonextinguishmentofdebt": -9014000,
        "changeinunrealizedgainlossonhedgediteminfairvaluehedge1": 5372000,
        "incomelossfromcontinuingoperationsbeforeincometaxesminorityinterestandincomelossfromequitymethodinvestments": -132280000,
        "incometaxexpensebenefit": -8185000,
        "incomelossfromcontinuingoperations": -124095000,
        "incomelossfromdiscontinuedoperationsnetoftaxattributabletoreportingentity": -25000,
        "netincomeloss": -124120000,
        "incomelossfromcontinuingoperationsperbasicshare": -1.4,
        "earningspersharebasic": -1.4,
        "incomelossfromcontinuingoperationsperdilutedshare": -1.4,
        "earningspersharediluted": -1.4,
        "othercomprehensiveincomeforeigncurrencytransactionandtranslationadjustmentnetoftaxportionattributabletoparent": 7827000,
        "othercomprehensiveincomederivativesqualifyingashedgesnetoftaxportionattributabletoparent": 355000,
        "othercomprehensiveincomelossnetoftaxportionattributabletoparent": 8182000,
        "comprehensiveincomenetoftax": -115938000
    },
    {
        "date": "2013-06-29",
        "symbol": "TTWO",
        "period": "Q1",
        "salesrevenuenet": 72856000,
        "costofgoodssold": 93842000,
        "grossprofit": 48825000,
        "sellingandmarketingexpense": 41601000,
        "generalandadministrativeexpense": 32860000,
        "researchanddevelopmentexpensesoftwareexcludingacquiredinprocesscost": 20871000,
        "depreciationdepletionandamortization": 3057000,
        "operatingexpenses": 98389000,
        "operatingincomeloss": -49564000,
        "othernonoperatingincomeexpense": -11233000,
        "incomelossfromcontinuingoperationsbeforeincometaxesminorityinterestandincomelossfromequitymethodinvestments": -60797000,
        "incometaxexpensebenefit": 1087000,
        "incomelossfromcontinuingoperations": -61884000,
        "incomelossfromdiscontinuedoperationsnetoftaxattributabletoreportingentity": -30000,
        "netincomeloss": -61914000,
        "incomelossfromcontinuingoperationsperbasicshare": -0.71,
        "earningspersharebasic": -0.71,
        "incomelossfromcontinuingoperationsperdilutedshare": -0.71,
        "earningspersharediluted": -0.71,
        "othercomprehensiveincomeforeigncurrencytransactionandtranslationadjustmentnetoftaxportionattributabletoparent": -835000,
        "othercomprehensiveincomederivativesqualifyingashedgesnetoftaxportionattributabletoparent": -153000,
        "othercomprehensiveincomelossnetoftaxportionattributabletoparent": -988000,
        "comprehensiveincomenetoftax": -62902000
    },
    {
        "date": "2012-12-30",
        "symbol": "TTWO",
        "period": "Q3",
        "salesrevenuenet": 8769000,
        "costofgoodssold": 216299000,
        "grossprofit": 199474000,
        "sellingandmarketingexpense": 60724000,
        "generalandadministrativeexpense": 32880000,
        "researchanddevelopmentexpensesoftwareexcludingacquiredinprocesscost": 22369000,
        "depreciationdepletionandamortization": 2509000,
        "operatingexpenses": 118482000,
        "operatingincomeloss": 80992000,
        "othernonoperatingincomeexpense": -8094000,
        "incomelossfromcontinuingoperationsbeforeincometaxesminorityinterestandincomelossfromequitymethodinvestments": 72898000,
        "incometaxexpensebenefit": 2021000,
        "incomelossfromcontinuingoperations": 70877000,
        "incomelossfromdiscontinuedoperationsnetoftaxattributabletoreportingentity": 488000,
        "netincomeloss": 71365000,
        "incomelossfromcontinuingoperationsperbasicshare": 0.76,
        "earningspersharebasic": 0.76,
        "incomelossfromcontinuingoperationsperdilutedshare": 0.66,
        "earningspersharediluted": 0.66,
        "othercomprehensiveincomeforeigncurrencytransactionandtranslationadjustmentnetoftaxportionattributabletoparent": -360000,
        "othercomprehensiveincomederivativesqualifyingashedgesnetoftaxportionattributabletoparent": 449000,
        "othercomprehensiveincomelossnetoftaxportionattributabletoparent": 89000,
        "comprehensiveincomenetoftax": 71454000
    },
    {
        "date": "2012-09-29",
        "symbol": "TTWO",
        "period": "Q2",
        "salesrevenuenet": 1827000,
        "costofgoodssold": 158487000,
        "grossprofit": 114597000,
        "sellingandmarketingexpense": 65851000,
        "generalandadministrativeexpense": 30809000,
        "researchanddevelopmentexpensesoftwareexcludingacquiredinprocesscost": 19320000,
        "depreciationdepletionandamortization": 2550000,
        "operatingexpenses": 118530000,
        "operatingincomeloss": -3933000,
        "othernonoperatingincomeexpense": -7419000,
        "incomelossfromcontinuingoperationsbeforeincometaxesminorityinterestandincomelossfromequitymethodinvestments": -11352000,
        "incometaxexpensebenefit": 1085000,
        "incomelossfromcontinuingoperations": -12437000,
        "incomelossfromdiscontinuedoperationsnetoftaxattributabletoreportingentity": -54000,
        "netincomeloss": -12491000,
        "incomelossfromcontinuingoperationsperbasicshare": -0.15,
        "earningspersharebasic": -0.15,
        "incomelossfromcontinuingoperationsperdilutedshare": -0.15,
        "earningspersharediluted": -0.15,
        "othercomprehensiveincomeforeigncurrencytransactionandtranslationadjustmentnetoftaxportionattributabletoparent": 11654000,
        "othercomprehensiveincomederivativesqualifyingashedgesnetoftaxportionattributabletoparent": 272000,
        "othercomprehensiveincomelossnetoftaxportionattributabletoparent": 11926000,
        "comprehensiveincomenetoftax": -565000
    },
    {
        "date": "2012-06-29",
        "symbol": "TTWO",
        "period": "Q1",
        "salesrevenuenet": 226139000,
        "costofgoodssold": 186731000,
        "grossprofit": 39408000,
        "sellingandmarketingexpense": 79007000,
        "generalandadministrativeexpense": 43202000,
        "researchanddevelopmentexpensesoftwareexcludingacquiredinprocesscost": 15312000,
        "depreciationdepletionandamortization": 2769000,
        "operatingexpenses": 140290000,
        "operatingincomeloss": -100882000,
        "othernonoperatingincomeexpense": -8049000,
        "incomelossfromcontinuingoperationsbeforeincometaxesminorityinterestandincomelossfromequitymethodinvestments": -108931000,
        "incometaxexpensebenefit": 1841000,
        "incomelossfromcontinuingoperations": -110772000,
        "incomelossfromdiscontinuedoperationsnetoftaxattributabletoreportingentity": -66000,
        "netincomeloss": -110838000,
        "incomelossfromcontinuingoperationsperbasicshare": -1.3,
        "earningspersharebasic": -1.3,
        "incomelossfromcontinuingoperationsperdilutedshare": -1.3,
        "earningspersharediluted": -1.3,
        "othercomprehensiveincomeforeigncurrencytransactionandtranslationadjustmentnetoftaxportionattributabletoparent": -11336000,
        "othercomprehensiveincomederivativesqualifyingashedgesnetoftaxportionattributabletoparent": -103000,
        "othercomprehensiveincomelossnetoftaxportionattributabletoparent": -11439000,
        "comprehensiveincomenetoftax": -122277000
    },
    {
        "date": "2012-03-30",
        "symbol": "TTWO",
        "period": "Q4",
        "salesrevenuenet": 148084000,
        "costofgoodssold": 116466000,
        "grossprofit": 31618000,
        "sellingandmarketingexpense": 40065000,
        "generalandadministrativeexpense": 35133000,
        "researchanddevelopmentexpensesoftwareexcludingacquiredinprocesscost": 14822000,
        "depreciationdepletionandamortization": 2740000,
        "operatingexpenses": 92760000,
        "operatingincomeloss": -61142000,
        "othernonoperatingincomeexpense": -5368000,
        "incomelossfromcontinuingoperationsbeforeincometaxesminorityinterestandincomelossfromequitymethodinvestments": -66510000,
        "incometaxexpensebenefit": -505000,
        "incomelossfromcontinuingoperations": -66005000,
        "incomelossfromdiscontinuedoperationsnetoftaxattributabletoreportingentity": -831000,
        "netincomeloss": -66836000,
        "incomelossfromcontinuingoperationsperbasicshare": -0.78,
        "incomelossfromdiscontinuedoperationsnetoftaxperbasicshare": -0.01,
        "earningspersharebasic": -0.79,
        "incomelossfromcontinuingoperationsperdilutedshare": -0.78,
        "incomelossfromdiscontinuedoperationsnetoftaxperdilutedshare": -0.01,
        "earningspersharediluted": -0.79
    },
    {
        "date": "2011-12-30",
        "symbol": "TTWO",
        "period": "Q3",
        "salesrevenuegoodsnet": 320435000,
        "costofgoodssold": 126467000,
        "grossprofit": 109858000,
        "sellingandmarketingexpense": 40228000,
        "generalandadministrativeexpense": 29705000,
        "researchanddevelopmentexpensesoftwareexcludingacquiredinprocesscost": 16823000,
        "depreciationdepletionandamortization": 2854000,
        "operatingexpenses": 89610000,
        "operatingincomeloss": 20248000,
        "nonoperatingincomeandexpense": -6190000,
        "incomelossfromcontinuingoperationsbeforeincometaxesminorityinterestandincomelossfromequitymethodinvestments": 14058000,
        "incometaxexpensebenefit": -127000,
        "incomelossfromcontinuingoperations": 14185000,
        "netincomeloss": 14104000,
        "incomelossfromcontinuingoperationsperbasicshare": 0.17999999999999994,
        "earningspersharebasic": 0.16999999999999993,
        "incomelossfromcontinuingoperationsperdilutedshare": 0.17999999999999994,
        "earningspersharediluted": 0.16999999999999993
    },
    {
        "date": "2011-09-29",
        "symbol": "TTWO",
        "period": "Q2",
        "salesrevenuegoodsnet": 22924000,
        "costofgoodssold": 74703000,
        "grossprofit": 32331000,
        "sellingandmarketingexpense": 28773000,
        "generalandadministrativeexpense": 25785000,
        "researchanddevelopmentexpensesoftwareexcludingacquiredinprocesscost": 15998000,
        "depreciationdepletionandamortization": 3284000,
        "operatingexpenses": 73840000,
        "operatingincomeloss": -41509000,
        "nonoperatingincomeandexpense": -4333000,
        "incomelossfromcontinuingoperationsbeforeincometaxesminorityinterestandincomelossfromequitymethodinvestments": -45842000,
        "incometaxexpensebenefit": 1419000,
        "incomelossfromcontinuingoperations": -47261000,
        "incomelossfromdiscontinuedoperationsnetoftaxattributabletoreportingentity": -110000,
        "netincomeloss": -47371000,
        "incomelossfromcontinuingoperationsperbasicshare": -0.57,
        "earningspersharebasic": -0.57,
        "incomelossfromcontinuingoperationsperdilutedshare": -0.57,
        "earningspersharediluted": -0.57
    },
    {
        "date": "2011-06-29",
        "symbol": "TTWO",
        "period": "Q1",
        "salesrevenuegoodsnet": 334380000,
        "costofgoodssold": 211219000,
        "grossprofit": 123161000,
        "sellingandmarketingexpense": 74683000,
        "generalandadministrativeexpense": 30577000,
        "researchanddevelopmentexpensesoftwareexcludingacquiredinprocesscost": 16519000,
        "depreciationdepletionandamortization": 3245000,
        "operatingexpenses": 125024000,
        "operatingincomeloss": -1863000,
        "nonoperatingincomeandexpense": -3680000,
        "incomelossfromcontinuingoperationsbeforeincometaxesminorityinterestandincomelossfromequitymethodinvestments": -5543000,
        "incometaxexpensebenefit": 3076000,
        "incomelossfromcontinuingoperations": -8619000,
        "incomelossfromdiscontinuedoperationsnetoftax": -94000,
        "netincomeloss": -8713000,
        "incomelossfromcontinuingoperationsperbasicshare": -0.11,
        "earningspersharebasic": -0.11,
        "incomelossfromcontinuingoperationsperdilutedshare": -0.11,
        "earningspersharediluted": -0.11
    },
    {
        "date": "2010-07-30",
        "symbol": "TTWO",
        "period": "Q1",
        "salesrevenuegoodsnet": 354076000,
        "costofgoodssold": 240259000,
        "grossprofit": 113817000,
        "sellingandmarketingexpense": 46706000,
        "generalandadministrativeexpense": 24786000,
        "researchanddevelopmentexpense": 17582000,
        "depreciationdepletionandamortization": 4058000,
        "operatingexpenses": 93132000,
        "operatingincomeloss": 20685000,
        "nonoperatingincomeandexpense": -4458000,
        "incomelossfromcontinuingoperationsbeforeincometaxesminorityinterestandincomelossfromequitymethodinvestments": 16227000,
        "incometaxexpensebenefit": 3848000,
        "incomelossfromcontinuingoperations": 12379000,
        "incomelossfromdiscontinuedoperationsnetoftax": -6459000,
        "profitloss": 5920000,
        "incomelossfromcontinuingoperationsperbasicshare": 0.14,
        "incomelossfromdiscontinuedoperationsnetoftaxperbasicshare": -0.07,
        "earningspersharebasic": 0.07,
        "incomelossfromcontinuingoperationsperdilutedshare": 0.14,
        "incomelossfromdiscontinuedoperationsnetoftaxperdilutedshare": -0.07,
        "earningspersharediluted": 0.07
    }
]