[
    {
        "date": "2024-08-30",
        "symbol": "MKC",
        "period": "Q3",
        "revenues": 1679800000,
        "costofgoodsandservicessold": -400000,
        "grossprofit": 649900000,
        "sellinggeneralandadministrativeexpense": 361500000,
        "specialcharges": 1900000,
        "operatingincomeloss": 286500000,
        "interestexpense": 200000,
        "othernonoperatingincomeexpense": -900000,
        "incomelossfromcontinuingoperationsbeforeincometaxesminorityinterestandincomelossfromequitymethodinvestments": 246200000,
        "incometaxexpensebenefit": 100000,
        "netincomefromconsolidatedoperations": 205200000,
        "incomelossfromequitymethodinvestments": 17900000,
        "netincomeloss": -500000,
        "earningspersharebasic": 0.83,
        "earningspersharediluted": 0.83,
        "weightedaveragenumberofsharesoutstandingbasic": 268600000,
        "weightedaveragenumberofdilutedsharesoutstanding": 269700000,
        "commonstockdividendspersharecashpaid": 0.42,
        "commonstockdividendspersharedeclared": 0.42,
        "netincomelossattributabletononcontrollinginterest": 2100000,
        "othercomprehensiveincomelosspensionandotherpostretirementbenefitplansadjustmentbeforetax": 1600000,
        "othercomprehensiveincomelossforeigncurrencytransactionandtranslationadjustmentnetoftax": -5000000,
        "othercomprehensiveincomelosscashflowhedgegainlossafterreclassificationandtaxparent": 700000,
        "othercomprehensiveincomelosstaxportionattributabletoparent1": -3700000,
        "othercomprehensiveincomelossnetoftax": -2200000,
        "comprehensiveincomenetoftax": 223000000
    },
    {
        "date": "2024-05-30",
        "symbol": "MKC",
        "period": "Q2",
        "revenues": 1643200000,
        "costofgoodsandservicessold": 1023600000,
        "grossprofit": 619600000,
        "sellinggeneralandadministrativeexpense": 383700000,
        "specialcharges": 1800000,
        "operatingincomeloss": 234100000,
        "interestexpense": 52900000,
        "othernonoperatingincomeexpense": 12400000,
        "incomelossfromcontinuingoperationsbeforeincometaxesminorityinterestandincomelossfromequitymethodinvestments": 193600000,
        "incometaxexpensebenefit": 26200000,
        "netincomefromconsolidatedoperations": 167400000,
        "incomelossfromequitymethodinvestments": 16800000,
        "netincomeloss": 184200000,
        "earningspersharebasic": 0.69,
        "earningspersharediluted": 0.68,
        "weightedaveragenumberofsharesoutstandingbasic": 268600000,
        "weightedaveragenumberofdilutedsharesoutstanding": 269700000,
        "commonstockdividendspersharecashpaid": 0.42,
        "commonstockdividendspersharedeclared": 0.42,
        "netincomelossattributabletononcontrollinginterest": 1800000,
        "othercomprehensiveincomelosspensionandotherpostretirementbenefitplansadjustmentbeforetax": 1000000,
        "othercomprehensiveincomelossforeigncurrencytransactionandtranslationadjustmentnetoftax": 6600000,
        "othercomprehensiveincomelosscashflowhedgegainlossafterreclassificationandtaxparent": -500000,
        "othercomprehensiveincomelosstaxportionattributabletoparent1": -1100000,
        "othercomprehensiveincomelossnetoftax": 6200000,
        "comprehensiveincomenetoftax": 192200000
    },
    {
        "date": "2024-02-28",
        "symbol": "MKC",
        "period": "Q1",
        "revenues": 1602700000,
        "costofgoodsandservicessold": 1003400000,
        "grossprofit": 599300000,
        "sellinggeneralandadministrativeexpense": 361600000,
        "specialcharges": 4200000,
        "operatingincomeloss": 233500000,
        "interestexpense": 50300000,
        "othernonoperatingincomeexpense": 11100000,
        "incomelossfromcontinuingoperationsbeforeincometaxesminorityinterestandincomelossfromequitymethodinvestments": 194300000,
        "incometaxexpensebenefit": 49600000,
        "netincomefromconsolidatedoperations": 144700000,
        "incomelossfromequitymethodinvestments": 21300000,
        "netincomeloss": 166000000,
        "earningspersharebasic": 0.62,
        "earningspersharediluted": 0.62,
        "weightedaveragenumberofsharesoutstandingbasic": 268400000,
        "weightedaveragenumberofdilutedsharesoutstanding": 269600000,
        "commonstockdividendspersharecashpaid": 0.42,
        "netincomelossattributabletononcontrollinginterest": 2100000,
        "othercomprehensiveincomelosspensionandotherpostretirementbenefitplansadjustmentbeforetax": 200000,
        "othercomprehensiveincomelossforeigncurrencytransactionandtranslationadjustmentnetoftax": -2000000,
        "othercomprehensiveincomelosscashflowhedgegainlossafterreclassificationandtaxparent": -3300000,
        "othercomprehensiveincomelosstaxportionattributabletoparent1": -400000,
        "othercomprehensiveincomelossnetoftax": -5100000,
        "comprehensiveincomenetoftax": 163000000
    },
    {
        "date": "2023-11-29",
        "symbol": "MKC",
        "period": "Q4",
        "revenues": 4619900000,
        "costofgoodsandservicessold": 3099100000,
        "grossprofit": 701300000,
        "sellinggeneralandadministrativeexpense": 390000000,
        "specialcharges": 41500000,
        "operatingincomeloss": 596800000,
        "interestexpense": 155800000,
        "othernonoperatingincomeexpense": 37800000,
        "incomelossfromcontinuingoperationsbeforeincometaxesminorityinterestandincomelossfromequitymethodinvestments": 257700000,
        "incometaxexpensebenefit": 131600000,
        "netincomefromconsolidatedoperations": 200600000,
        "incomelossfromequitymethodinvestments": 43300000,
        "netincomeloss": 511200000,
        "earningspersharebasic": 0.8200000000000003,
        "earningspersharediluted": 0.81,
        "netincomelossattributabletononcontrollinginterest": 2000000,
        "othercomprehensiveincomelosspensionandotherpostretirementbenefitplansadjustmentbeforetax": 600000,
        "othercomprehensiveincomelossforeigncurrencytransactionandtranslationadjustmentnetoftax": 6700000,
        "othercomprehensiveincomelosstaxportionattributabletoparent1": -600000,
        "othercomprehensiveincomelossnetoftax": 54400000,
        "comprehensiveincomenetoftax": 226600000
    },
    {
        "date": "2023-08-30",
        "symbol": "MKC",
        "period": "Q3",
        "revenues": 1684700000,
        "costofgoodsandservicessold": 1061900000,
        "grossprofit": 622800000,
        "sellinggeneralandadministrativeexpense": 371700000,
        "specialcharges": 6100000,
        "operatingincomeloss": 245000000,
        "interestexpense": 52700000,
        "othernonoperatingincomeexpense": 7100000,
        "incomelossfromcontinuingoperationsbeforeincometaxesminorityinterestandincomelossfromequitymethodinvestments": 199400000,
        "incometaxexpensebenefit": 42700000,
        "netincomefromconsolidatedoperations": 156700000,
        "incomelossfromequitymethodinvestments": 13400000,
        "netincomeloss": 170100000,
        "earningspersharebasic": 0.63,
        "earningspersharediluted": 0.63,
        "weightedaveragenumberofsharesoutstandingbasic": 268400000,
        "weightedaveragenumberofdilutedsharesoutstanding": 270100000,
        "commonstockdividendspersharecashpaid": 0.39,
        "commonstockdividendspersharedeclared": 0.39,
        "netincomelossattributabletononcontrollinginterest": 700000,
        "othercomprehensiveincomelosspensionandotherpostretirementbenefitplansadjustmentbeforetax": 600000,
        "othercomprehensiveincomelossforeigncurrencytransactionandtranslationadjustmentnetoftax": 28800000,
        "othercomprehensiveincomelosscashflowhedgegainlossafterreclassificationandtaxparent": 8400000,
        "othercomprehensiveincomelosstaxportionattributabletoparent1": -1200000,
        "othercomprehensiveincomelossnetoftax": 37800000,
        "comprehensiveincomenetoftax": 208600000
    },
    {
        "date": "2023-05-30",
        "symbol": "MKC",
        "period": "Q2",
        "revenues": 170700000,
        "costofgoodsandservicessold": -100000,
        "grossprofit": 615500000,
        "sellinggeneralandadministrativeexpense": 380500000,
        "specialcharges": 4800000,
        "operatingincomeloss": 76600000,
        "interestexpense": -200000,
        "othernonoperatingincomeexpense": -600000,
        "incomelossfromcontinuingoperationsbeforeincometaxesminorityinterestandincomelossfromequitymethodinvestments": 182100000,
        "incometaxexpensebenefit": 100000,
        "netincomefromconsolidatedoperations": 141800000,
        "incomelossfromequitymethodinvestments": -500000,
        "netincomeloss": -400000,
        "earningspersharebasic": 0.57,
        "earningspersharediluted": 0.56,
        "weightedaveragenumberofsharesoutstandingbasic": 268399999.99999997,
        "weightedaveragenumberofdilutedsharesoutstanding": 269800000,
        "commonstockdividendspersharecashpaid": 0.39,
        "commonstockdividendspersharedeclared": 0.39,
        "netincomelossattributabletononcontrollinginterest": 2000000,
        "othercomprehensiveincomelosspensionandotherpostretirementbenefitplansadjustmentbeforetax": 900000,
        "othercomprehensiveincomelossforeigncurrencytransactionandtranslationadjustmentnetoftax": 10000000,
        "othercomprehensiveincomelosscashflowhedgegainlossafterreclassificationandtaxparent": -8400000,
        "othercomprehensiveincomelosstaxportionattributabletoparent1": -5200000,
        "othercomprehensiveincomelossnetoftax": 300000,
        "comprehensiveincomenetoftax": 160000000
    },
    {
        "date": "2023-02-27",
        "symbol": "MKC",
        "period": "Q1",
        "revenues": 186900000,
        "costofgoodsandservicessold": -1200000,
        "grossprofit": 562900000,
        "sellinggeneralandadministrativeexpense": 336100000,
        "specialcharges": 8800000,
        "operatingincomeloss": 44600000,
        "interestexpense": -100000,
        "othernonoperatingincomeexpense": -400000,
        "incomelossfromcontinuingoperationsbeforeincometaxesminorityinterestandincomelossfromequitymethodinvestments": 159500000,
        "incometaxexpensebenefit": 100000,
        "netincomefromconsolidatedoperations": 125100000,
        "incomelossfromequitymethodinvestments": 200000,
        "netincomeloss": -300000,
        "earningspersharebasic": 0.52,
        "earningspersharediluted": 0.52,
        "weightedaveragenumberofsharesoutstandingbasic": 268200000,
        "weightedaveragenumberofdilutedsharesoutstanding": 269800000,
        "commonstockdividendspersharecashpaid": 0.39,
        "netincomelossattributabletononcontrollinginterest": 800000,
        "othercomprehensiveincomelosspensionandotherpostretirementbenefitplansadjustmentbeforetax": 1000000,
        "othercomprehensiveincomelossforeigncurrencytransactionandtranslationadjustmentnetoftax": 47000000,
        "othercomprehensiveincomelosscashflowhedgegainlossafterreclassificationandtaxparent": -5400000,
        "othercomprehensiveincomelosstaxportionattributabletoparent1": -1000000,
        "othercomprehensiveincomelossnetoftax": -1900000,
        "comprehensiveincomenetoftax": 181500000
    },
    {
        "date": "2022-08-30",
        "symbol": "MKC",
        "period": "Q3",
        "revenues": 2908600000,
        "costofgoodsandservicessold": 1990700000,
        "grossprofit": 566700000,
        "sellinggeneralandadministrativeexpense": 328100000,
        "businesscombinationacquisitionrelatedcosts": 0,
        "specialcharges": 7000000,
        "operatingincomeloss": 398600000,
        "interestexpense": 71100000,
        "othernonoperatingincomeexpense": 81000000,
        "incomelossfromcontinuingoperationsbeforeincometaxesminorityinterestandincomelossfromequitymethodinvestments": 274700000,
        "incometaxexpensebenefit": 94300000,
        "netincomefromconsolidatedoperations": 215400000,
        "incomelossfromequitymethodinvestments": 15900000,
        "netincomeloss": 375800000,
        "earningspersharebasic": 0.8300000000000002,
        "earningspersharediluted": 0.8200000000000002,
        "weightedaveragenumberofsharesoutstandingbasic": -268000000,
        "weightedaveragenumberofdilutedsharesoutstanding": -270600000,
        "commonstockdividendspersharecashpaid": 0.3700000000000001,
        "netincomelossattributabletononcontrollinginterest": -1500000,
        "othercomprehensiveincomelosspensionandotherpostretirementbenefitplansadjustmentbeforetax": -4500000,
        "othercomprehensiveincomelossforeigncurrencytransactionandtranslationadjustmentnetoftax": -114900000,
        "othercomprehensiveincomelosscashflowhedgegainlossafterreclassificationandtaxparent": -22100000,
        "othercomprehensiveincomelosstaxportionattributabletoparent1": 3900000,
        "othercomprehensiveincomelossnetoftax": -125900000,
        "comprehensiveincomenetoftax": 88000000
    },
    {
        "date": "2022-05-30",
        "symbol": "MKC",
        "period": "Q2",
        "revenues": 1536800000,
        "costofgoodsandservicessold": 1013800000,
        "grossprofit": 523000000,
        "sellinggeneralandadministrativeexpense": 349200000,
        "businesscombinationacquisitionrelatedcosts": 1500000,
        "specialcharges": 15100000,
        "operatingincomeloss": 157200000,
        "interestexpense": 33700000,
        "othernonoperatingincomeexpense": 6300000,
        "incomelossfromcontinuingoperationsbeforeincometaxesminorityinterestandincomelossfromequitymethodinvestments": 129800000,
        "incometaxexpensebenefit": 21700000,
        "netincomefromconsolidatedoperations": 108100000,
        "incomelossfromequitymethodinvestments": 10400000,
        "netincomeloss": 118500000,
        "earningspersharebasic": 0.44,
        "earningspersharediluted": 0.44,
        "weightedaveragenumberofsharesoutstandingbasic": 268300000,
        "weightedaveragenumberofdilutedsharesoutstanding": 270500000,
        "commonstockdividendspersharecashpaid": 0.37,
        "commonstockdividendspersharedeclared": 0.37,
        "netincomelossattributabletononcontrollinginterest": -1200000,
        "othercomprehensiveincomelosspensionandotherpostretirementbenefitplansadjustmentbeforetax": -3800000,
        "othercomprehensiveincomelossforeigncurrencytransactionandtranslationadjustmentnetoftax": -51000000,
        "othercomprehensiveincomelosscashflowhedgegainlossafterreclassificationandtaxparent": 21700000,
        "othercomprehensiveincomelosstaxportionattributabletoparent1": 13900000,
        "othercomprehensiveincomelossnetoftax": -39400000,
        "comprehensiveincomenetoftax": 80300000,
        "investmentcompanyrealizedandunrealizedgainlossoninvestmentandforeigncurrency": 7900000
    },
    {
        "date": "2022-02-27",
        "symbol": "MKC",
        "period": "Q1",
        "revenues": 209400000,
        "costofgoodsandservicessold": 200000,
        "grossprofit": 560400000,
        "sellinggeneralandadministrativeexpense": 333300000,
        "businesscombinationacquisitionrelatedcosts": 700000,
        "specialcharges": 15900000,
        "operatingincomeloss": 43500000,
        "interestexpense": -100000,
        "othernonoperatingincomeexpense": 2600000,
        "incomelossfromcontinuingoperationsbeforeincometaxesminorityinterestandincomelossfromequitymethodinvestments": 180000000,
        "incometaxexpensebenefit": -600000,
        "netincomefromconsolidatedoperations": 145600000,
        "incomelossfromequitymethodinvestments": 900000,
        "netincomeloss": 2000000,
        "earningspersharebasic": 0.58,
        "earningspersharediluted": 0.57,
        "weightedaveragenumberofsharesoutstandingbasic": 267800000,
        "weightedaveragenumberofdilutedsharesoutstanding": 270500000,
        "commonstockdividendspersharecashpaid": 0.37,
        "netincomelossattributabletononcontrollinginterest": -2500000,
        "othercomprehensiveincomelosspensionandotherpostretirementbenefitplansadjustmentbeforetax": -2200000,
        "othercomprehensiveincomelossforeigncurrencytransactionandtranslationadjustmentnetoftax": 3700000,
        "othercomprehensiveincomelosscashflowhedgegainlossafterreclassificationandtaxparent": 5100000,
        "othercomprehensiveincomelosstaxportionattributabletoparent1": 1000000,
        "othercomprehensiveincomelossnetoftax": -500000,
        "comprehensiveincomenetoftax": 167400000
    },
    {
        "date": "2021-08-30",
        "symbol": "MKC",
        "period": "Q3",
        "revenues": 1549400000,
        "costofgoodsandservicessold": 949800000,
        "grossprofit": 599600000,
        "sellinggeneralandadministrativeexpense": 327300000,
        "businesscombinationacquisitionrelatedcosts": 1300000,
        "specialcharges": 5800000,
        "operatingincomeloss": 265200000,
        "interestexpense": 33900000,
        "othernonoperatingincomeexpense": 3500000,
        "incomelossfromcontinuingoperationsbeforeincometaxesminorityinterestandincomelossfromequitymethodinvestments": 234800000,
        "incometaxexpensebenefit": 31500000,
        "netincomefromconsolidatedoperations": 203300000,
        "incomelossfromequitymethodinvestments": 9100000,
        "netincomeloss": 212400000,
        "earningspersharebasic": 0.7899999999999999,
        "earningspersharediluted": 0.7899999999999997,
        "weightedaveragenumberofsharesoutstandingbasic": -267200000,
        "weightedaveragenumberofdilutedsharesoutstanding": -269900000,
        "commonstockdividendspersharecashpaid": 0.3399999999999999,
        "netincomelossattributabletononcontrollinginterest": -700000,
        "othercomprehensiveincomelosspensionandotherpostretirementbenefitplansadjustmentbeforetax": -5800000,
        "othercomprehensiveincomelossforeigncurrencytransactionandtranslationadjustmentnetoftax": -78400000,
        "othercomprehensiveincomelossderivativesqualifyingashedgesbeforetax": 2500000,
        "othercomprehensiveincomelosstaxportionattributabletoparent1": 2800000,
        "othercomprehensiveincomelossnetoftax": -72900000,
        "comprehensiveincomenetoftax": 140200000
    },
    {
        "date": "2021-05-30",
        "symbol": "MKC",
        "period": "Q2",
        "revenues": 1556700000,
        "costofgoodsandservicessold": 942100000,
        "grossprofit": 614600000,
        "sellinggeneralandadministrativeexpense": 356600000,
        "businesscombinationacquisitionrelatedcosts": 6900000,
        "specialcharges": 13700000,
        "operatingincomeloss": 237400000,
        "interestexpense": 35600000,
        "othernonoperatingincomeexpense": 3900000,
        "incomelossfromcontinuingoperationsbeforeincometaxesminorityinterestandincomelossfromequitymethodinvestments": 205700000,
        "incometaxexpensebenefit": 45400000,
        "netincomefromconsolidatedoperations": 160300000,
        "incomelossfromequitymethodinvestments": 23400000,
        "netincomeloss": 183700000,
        "earningspersharebasic": 0.69,
        "earningspersharediluted": 0.68,
        "weightedaveragenumberofsharesoutstandingbasic": 267300000,
        "weightedaveragenumberofdilutedsharesoutstanding": 270000000,
        "commonstockdividendspersharecashpaid": 0.34,
        "commonstockdividendspersharedeclared": 0.34,
        "gainonsaleofinvestments": 13400000,
        "netincomelossattributabletononcontrollinginterest": -2000000,
        "othercomprehensiveincomelosspensionandotherpostretirementbenefitplansadjustmentbeforetax": -1500000,
        "othercomprehensiveincomelossforeigncurrencytransactionandtranslationadjustmentnetoftax": 54200000,
        "othercomprehensiveincomelossderivativesqualifyingashedgesbeforetax": 1600000,
        "othercomprehensiveincomelosstaxportionattributabletoparent1": -1200000,
        "othercomprehensiveincomelossnetoftax": 58500000,
        "comprehensiveincomenetoftax": 244200000
    },
    {
        "date": "2021-02-27",
        "symbol": "MKC",
        "period": "Q1",
        "revenues": 1481500000,
        "costofgoodsandservicessold": 904000000,
        "grossprofit": 577500000,
        "sellinggeneralandadministrativeexpense": 321300000,
        "businesscombinationacquisitionrelatedcosts": 18800000,
        "specialcharges": 1100000,
        "operatingincomeloss": 236300000,
        "interestexpense": 33800000,
        "othernonoperatingincomeexpense": 4600000,
        "incomelossfromcontinuingoperationsbeforeincometaxesminorityinterestandincomelossfromequitymethodinvestments": 207100000,
        "incometaxexpensebenefit": 58600000,
        "netincomefromconsolidatedoperations": 148500000,
        "incomelossfromequitymethodinvestments": 13300000,
        "netincomeloss": 161800000,
        "earningspersharebasic": 0.61,
        "weightedaveragenumberofsharesoutstandingbasic": 267100000,
        "earningspersharediluted": 0.6,
        "weightedaveragenumberofdilutedsharesoutstanding": 269900000,
        "commonstockdividendspersharecashpaid": 0.34,
        "netincomelossattributabletononcontrollinginterest": -800000,
        "othercomprehensiveincomelosspensionandotherpostretirementbenefitplansadjustmentbeforetax": -1100000,
        "othercomprehensiveincomelossforeigncurrencytransactionandtranslationadjustmentnetoftax": 45700000,
        "othercomprehensiveincomelossderivativesqualifyingashedgesbeforetax": -1000000,
        "othercomprehensiveincomelosstaxportionattributabletoparent1": -3000000,
        "othercomprehensiveincomelossnetoftax": 48800000,
        "comprehensiveincomenetoftax": 211400000
    },
    {
        "date": "2020-11-29",
        "symbol": "MKC",
        "period": "Q4",
        "revenues": 677500000,
        "costofgoodsandservicessold": 897200000,
        "grossprofit": -1321700000,
        "sellinggeneralandadministrativeexpense": 370500000,
        "specialcharges": 500000,
        "operatingincomeloss": 64100000,
        "interestexpense": 32400000,
        "othernonoperatingincomeexpense": 17100000,
        "incomelossfromcontinuingoperationsbeforeincometaxesminorityinterestandincomelossfromequitymethodinvestments": 247600000,
        "incometaxexpensebenefit": 57500000,
        "netincomefromconsolidatedoperations": 190100000,
        "incomelossfromequitymethodinvestments": 35300000,
        "netincomeloss": 200700000,
        "earningspersharebasic": -1.3100000000000003,
        "earningspersharediluted": -1.2900000000000003,
        "netincomelossattributabletononcontrollinginterest": -1200000,
        "othercomprehensiveincomelosspensionandotherpostretirementbenefitplansadjustmentbeforetax": 84000000,
        "othercomprehensiveincomelossforeigncurrencytransactionandtranslationadjustmentnetoftax": 23900000,
        "othercomprehensiveincomelossderivativesqualifyingashedgesbeforetax": -1100000,
        "othercomprehensiveincomelosstaxportionattributabletoparent1": -19700000,
        "othercomprehensiveincomelossnetoftax": -600000,
        "comprehensiveincomenetoftax": 160400000
    },
    {
        "date": "2020-08-30",
        "symbol": "MKC",
        "period": "Q3",
        "revenues": 1430300000,
        "costofgoodsandservicessold": 840000000,
        "grossprofit": 590300000,
        "sellinggeneralandadministrativeexpense": 317200000,
        "specialcharges": 100000,
        "operatingincomeloss": 273000000,
        "interestexpense": 33500000,
        "othernonoperatingincomeexpense": 3900000,
        "incomelossfromcontinuingoperationsbeforeincometaxesminorityinterestandincomelossfromequitymethodinvestments": 243400000,
        "incometaxexpensebenefit": 46900000,
        "netincomefromconsolidatedoperations": 196500000,
        "incomelossfromequitymethodinvestments": 9600000,
        "netincomeloss": 206100000,
        "earningspersharebasic": 1.55,
        "weightedaveragenumberofsharesoutstandingbasic": 133300000,
        "earningspersharediluted": 1.53,
        "weightedaveragenumberofdilutedsharesoutstanding": 134800000,
        "commonstockdividendspersharecashpaid": 0.62,
        "commonstockdividendspersharedeclared": 0.62,
        "netincomelossattributabletononcontrollinginterest": -1600000,
        "othercomprehensiveincomelosspensionandotherpostretirementbenefitplansadjustmentbeforetax": 2100000,
        "othercomprehensiveincomelossforeigncurrencytransactionandtranslationadjustmentnetoftax": 146700000,
        "othercomprehensiveincomelossderivativesqualifyingashedgesbeforetax": -700000,
        "othercomprehensiveincomelosstaxportionattributabletoparent1": -3200000,
        "othercomprehensiveincomelossnetoftax": 147100000,
        "comprehensiveincomenetoftax": 354800000
    },
    {
        "date": "2020-05-30",
        "symbol": "MKC",
        "period": "Q2",
        "revenues": 1401100000,
        "costofgoodsandservicessold": 821600000,
        "grossprofit": 579500000,
        "sellinggeneralandadministrativeexpense": 319200000,
        "specialcharges": 2900000,
        "operatingincomeloss": 257400000,
        "interestexpense": 34400000,
        "othernonoperatingincomeexpense": 3100000,
        "incomelossfromcontinuingoperationsbeforeincometaxesminorityinterestandincomelossfromequitymethodinvestments": 226100000,
        "incometaxexpensebenefit": 40400000,
        "netincomefromconsolidatedoperations": 185700000,
        "incomelossfromequitymethodinvestments": 10200000,
        "netincomeloss": 195900000,
        "earningspersharebasic": 1.47,
        "weightedaveragenumberofsharesoutstandingbasic": 133100000,
        "earningspersharediluted": 1.46,
        "weightedaveragenumberofdilutedsharesoutstanding": 134300000,
        "commonstockdividendspersharecashpaid": 0.62,
        "commonstockdividendspersharedeclared": 0.62,
        "netincomelossattributabletononcontrollinginterest": -600000,
        "othercomprehensiveincomelosspensionandotherpostretirementbenefitplansadjustmentbeforetax": -3300000,
        "othercomprehensiveincomelossforeigncurrencytransactionandtranslationadjustmentnetoftax": -60900000,
        "othercomprehensiveincomelossderivativesqualifyingashedgesbeforetax": 1600000,
        "othercomprehensiveincomelosstaxportionattributabletoparent1": 3100000,
        "othercomprehensiveincomelossnetoftax": -59100000,
        "comprehensiveincomenetoftax": 137400000
    },
    {
        "date": "2020-02-28",
        "symbol": "MKC",
        "period": "Q1",
        "revenues": 1212000000,
        "costofgoodsandservicessold": 742100000,
        "grossprofit": 469900000,
        "sellinggeneralandadministrativeexpense": 274700000,
        "specialcharges": 1000000,
        "operatingincomeloss": 194200000,
        "interestexpense": 35300000,
        "othernonoperatingincomeexpense": 5500000,
        "incomelossfromcontinuingoperationsbeforeincometaxesminorityinterestandincomelossfromequitymethodinvestments": 164400000,
        "incometaxexpensebenefit": 30100000,
        "netincomefromconsolidatedoperations": 134300000,
        "incomelossfromequitymethodinvestments": 10400000,
        "netincomeloss": 144700000,
        "earningspersharebasic": 1.09,
        "weightedaveragenumberofsharesoutstandingbasic": 133000000,
        "earningspersharediluted": 1.08,
        "weightedaveragenumberofdilutedsharesoutstanding": 134300000,
        "commonstockdividendspersharecashpaid": 0.62,
        "netincomelossattributabletononcontrollinginterest": -900000,
        "othercomprehensiveincomelosspensionandotherpostretirementbenefitplansadjustmentbeforetax": -2400000,
        "othercomprehensiveincomelossforeigncurrencytransactionandtranslationadjustmentnetoftax": -20000000,
        "othercomprehensiveincomelossderivativesqualifyingashedgesbeforetax": -700000,
        "othercomprehensiveincomelosstaxportionattributabletoparent1": 1700000,
        "othercomprehensiveincomelossnetoftax": -20000000,
        "comprehensiveincomenetoftax": 125600000
    },
    {
        "date": "2019-08-30",
        "symbol": "MKC",
        "period": "Q3",
        "revenues": 2379000000,
        "costofgoodsandservicessold": 789300000,
        "grossprofit": 539900000,
        "sellinggeneralandadministrativeexpense": 278700000,
        "specialcharges": 6800000,
        "operatingincomeloss": 253500000,
        "interestexpense": 41300000,
        "othernonoperatingincomeexpense": 6900000,
        "incomelossfromcontinuingoperationsbeforeincometaxesminorityinterestandincomelossfromequitymethodinvestments": 219100000,
        "incometaxexpensebenefit": 36800000,
        "netincomefromconsolidatedoperations": 182300000,
        "incomelossfromequitymethodinvestments": 9600000,
        "netincomeloss": 191900000,
        "earningspersharebasic": 1.44,
        "weightedaveragenumberofsharesoutstandingbasic": -132000000,
        "earningspersharediluted": 1.4199999999999997,
        "weightedaveragenumberofdilutedsharesoutstanding": -133700000,
        "commonstockdividendspersharecashpaid": 0.5700000000000002,
        "netincomelossattributabletononcontrollinginterest": -300000,
        "othercomprehensiveincomelosspensionandotherpostretirementbenefitplansadjustmentbeforetax": 700000,
        "othercomprehensiveincomelossforeigncurrencytransactionandtranslationadjustmentnetoftax": -44900000,
        "othercomprehensiveincomelossderivativesqualifyingashedgesbeforetax": -100000,
        "othercomprehensiveincomelosstaxportionattributabletoparent1": 0,
        "othercomprehensiveincomelossnetoftax": -45700000,
        "comprehensiveincomenetoftax": 146500000
    },
    {
        "date": "2019-05-30",
        "symbol": "MKC",
        "period": "Q2",
        "revenues": 1301900000,
        "costofgoodsandservicessold": 793400000,
        "grossprofit": 508500000,
        "sellinggeneralandadministrativeexpense": 293300000,
        "specialcharges": 7100000,
        "operatingincomeloss": 208100000,
        "interestexpense": 42400000,
        "othernonoperatingincomeexpense": 6300000,
        "incomelossfromcontinuingoperationsbeforeincometaxesminorityinterestandincomelossfromequitymethodinvestments": 172000000,
        "incometaxexpensebenefit": 32100000,
        "netincomefromconsolidatedoperations": 139900000,
        "incomelossfromequitymethodinvestments": 9500000,
        "netincomeloss": 149400000,
        "earningspersharebasic": 1.13,
        "weightedaveragenumberofsharesoutstandingbasic": 132300000,
        "earningspersharediluted": 1.12,
        "weightedaveragenumberofdilutedsharesoutstanding": 133900000,
        "commonstockdividendspersharecashpaid": 0.57,
        "commonstockdividendspersharedeclared": 0.57,
        "netincomelossattributabletononcontrollinginterest": -700000,
        "othercomprehensiveincomelosspensionandotherpostretirementbenefitplansadjustmentbeforetax": -300000,
        "othercomprehensiveincomelossforeigncurrencytransactionandtranslationadjustmentnetoftax": -58600000,
        "othercomprehensiveincomelossderivativesqualifyingashedgesbeforetax": -100000,
        "othercomprehensiveincomelosstaxportionattributabletoparent1": -2400000,
        "othercomprehensiveincomelossnetoftax": -56000000,
        "comprehensiveincomenetoftax": 94100000
    },
    {
        "date": "2019-02-27",
        "symbol": "MKC",
        "period": "Q1",
        "revenues": 181700000,
        "costofgoodsandservicessold": 764600000,
        "grossprofit": 466900000,
        "sellinggeneralandadministrativeexpense": 267900000,
        "specialcharges": 3000000,
        "operatingincomeloss": 196900000,
        "interestexpense": 43000000,
        "othernonoperatingincomeexpense": 6100000,
        "incomelossfromcontinuingoperationsbeforeincometaxesminorityinterestandincomelossfromequitymethodinvestments": 160000000,
        "incometaxexpensebenefit": 22100000,
        "netincomefromconsolidatedoperations": 137900000,
        "incomelossfromequitymethodinvestments": 10100000,
        "netincomeloss": 148000000,
        "earningspersharebasic": 1.12,
        "weightedaveragenumberofsharesoutstandingbasic": 132200000,
        "earningspersharediluted": 1.11,
        "weightedaveragenumberofdilutedsharesoutstanding": 133800000,
        "commonstockdividendspersharecashpaid": 0.57,
        "netincomelossattributabletononcontrollinginterest": -500000,
        "othercomprehensiveincomelosspensionandotherpostretirementbenefitplansadjustmentbeforetax": 2400000,
        "othercomprehensiveincomelossforeigncurrencytransactionandtranslationadjustmentnetoftax": 36700000,
        "othercomprehensiveincomelossderivativesqualifyingashedgesbeforetax": 100000,
        "othercomprehensiveincomelosstaxportionattributabletoparent1": 2000000,
        "othercomprehensiveincomelossnetoftax": 32400000,
        "comprehensiveincomenetoftax": 180900000
    },
    {
        "date": "2018-08-30",
        "symbol": "MKC",
        "period": "Q3",
        "salesrevenuenet": 554500000,
        "costofgoodssold": 750400000,
        "grossprofit": 594900000,
        "sellinggeneralandadministrativeexpense": 353000000,
        "businesscombinationacquisitionrelatedcosts": 1800000,
        "specialcharges": 100000,
        "operatingincomeloss": 84900000,
        "interestexpense": 44700000,
        "othernonoperatingincomeexpense": 1700000,
        "incomelossfromcontinuingoperationsbeforeincometaxesminorityinterestandincomelossfromequitymethodinvestments": 190000000,
        "incometaxexpensebenefit": 24900000,
        "netincomefromconsolidatedoperations": 165100000,
        "incomelossfromequitymethodinvestments": 700000,
        "netincomeloss": 173500000,
        "earningspersharebasic": 1.32,
        "weightedaveragenumberofsharesoutstandingbasic": 131600000,
        "earningspersharediluted": 1.3,
        "weightedaveragenumberofdilutedsharesoutstanding": 133200000,
        "commonstockdividendspersharecashpaid": 0.52,
        "commonstockdividendspersharedeclared": 0.52,
        "netincomelossattributabletononcontrollinginterest": -1600000,
        "othercomprehensiveincomelosspensionandotherpostretirementbenefitplansadjustmentbeforetax": -1800000,
        "othercomprehensiveincomelossforeigncurrencytransactionandtranslationadjustmentnetoftax": -47600000,
        "othercomprehensiveincomelossderivativesqualifyingashedgesbeforetax": 200000,
        "othercomprehensiveincomelosstaxportionattributabletoparent1": 100000,
        "othercomprehensiveincomelossnetoftax": 129400000
    },
    {
        "date": "2018-05-30",
        "symbol": "MKC",
        "period": "Q2",
        "salesrevenuenet": 541900000,
        "costofgoodssold": 752100000,
        "grossprofit": 575200000,
        "sellinggeneralandadministrativeexpense": 367300000,
        "businesscombinationacquisitionrelatedcosts": 2600000,
        "specialcharges": 2200000,
        "operatingincomeloss": 71200000,
        "interestexpense": 100000,
        "othernonoperatingincomeexpense": 1500000,
        "incomelossfromcontinuingoperationsbeforeincometaxesminorityinterestandincomelossfromequitymethodinvestments": 149000000,
        "incometaxexpensebenefit": 33100000,
        "netincomefromconsolidatedoperations": 115900000,
        "incomelossfromequitymethodinvestments": 1400000,
        "netincomeloss": 123300000,
        "earningspersharebasic": 0.94,
        "weightedaveragenumberofsharesoutstandingbasic": 131400000,
        "earningspersharediluted": 0.93,
        "weightedaveragenumberofdilutedsharesoutstanding": 132900000,
        "commonstockdividendspersharecashpaid": 0.52,
        "commonstockdividendspersharedeclared": 0.52,
        "netincomelossattributabletononcontrollinginterest": -1100000,
        "othercomprehensiveincomelosspensionandotherpostretirementbenefitplansadjustmentbeforetax": -400000,
        "othercomprehensiveincomelossforeigncurrencytransactionandtranslationadjustmentnetoftax": -86900000,
        "othercomprehensiveincomelossderivativesqualifyingashedgesbeforetax": 2700000,
        "othercomprehensiveincomelosstaxportionattributabletoparent1": 300000,
        "othercomprehensiveincomelossnetoftax": 40300000
    },
    {
        "date": "2018-02-27",
        "symbol": "MKC",
        "period": "Q1",
        "salesrevenuenet": 1237100000,
        "costofgoodssold": 717100000,
        "grossprofit": 520000000,
        "sellinggeneralandadministrativeexpense": 325400000,
        "businesscombinationacquisitionrelatedcosts": 8700000,
        "specialcharges": 15000000,
        "operatingincomeloss": 183700000,
        "interestexpense": 41800000,
        "othernonoperatingincomeexpense": 1500000,
        "incomelossfromcontinuingoperationsbeforeincometaxesminorityinterestandincomelossfromequitymethodinvestments": 143400000,
        "incometaxexpensebenefit": -271100000,
        "netincomefromconsolidatedoperations": 414500000,
        "incomelossfromequitymethodinvestments": 8100000,
        "netincomeloss": 422600000,
        "earningspersharebasic": 3.22,
        "weightedaveragenumberofsharesoutstandingbasic": 131200000,
        "earningspersharediluted": 3.18,
        "weightedaveragenumberofdilutedsharesoutstanding": 132900000,
        "commonstockdividendspersharecashpaid": 0.52,
        "netincomelossattributabletononcontrollinginterest": -900000,
        "othercomprehensiveincomelosspensionandotherpostretirementbenefitplansadjustmentbeforetax": -20400000,
        "othercomprehensiveincomelossforeigncurrencytransactionandtranslationadjustmentnetoftax": 61700000,
        "othercomprehensiveincomelossderivativesqualifyingashedgesbeforetax": -1000000,
        "othercomprehensiveincomelosstaxportionattributabletoparent1": 5000000,
        "othercomprehensiveincomelossnetoftax": 499600000
    },
    {
        "date": "2017-08-30",
        "symbol": "MKC",
        "period": "Q3",
        "salesrevenuenet": 488400000,
        "costofgoodssold": 700800000,
        "grossprofit": 484400000,
        "sellinggeneralandadministrativeexpense": 286500000,
        "businesscombinationacquisitionrelatedcosts": 8200000,
        "specialcharges": 1100000,
        "operatingincomeloss": 51500000,
        "interestexpense": 200000,
        "otherdebtcosts": 15400000,
        "othernonoperatingincomeexpense": 1200000,
        "incomelossfromcontinuingoperationsbeforeincometaxesminorityinterestandincomelossfromequitymethodinvestments": 133000000,
        "incometaxexpensebenefit": 33000000,
        "netincomefromconsolidatedoperations": 100000000,
        "incomelossfromequitymethodinvestments": 1400000,
        "netincomeloss": 108200000,
        "earningspersharebasic": 0.86,
        "weightedaveragenumberofsharesoutstandingbasic": 126300000,
        "earningspersharediluted": 0.85,
        "weightedaveragenumberofdilutedsharesoutstanding": 127800000,
        "commonstockdividendspersharecashpaid": 0.47,
        "commonstockdividendspersharedeclared": 0.47,
        "netincomelossattributabletononcontrollinginterest": -400000,
        "othercomprehensiveincomelosspensionandotherpostretirementbenefitplansadjustmentbeforetax": -27100000,
        "othercomprehensiveincomelossforeigncurrencytransactionandtranslationadjustmentnetoftax": 99900000,
        "othercomprehensiveincomelossderivativesqualifyingashedgesbeforetax": -3700000,
        "othercomprehensiveincomelosstaxportionattributabletoparent1": 9900000,
        "othercomprehensiveincomelossnetoftax": 222000000
    },
    {
        "date": "2017-05-30",
        "symbol": "MKC",
        "period": "Q2",
        "salesrevenuenet": 457900000,
        "costofgoodssold": 669700000,
        "grossprofit": 444600000,
        "sellinggeneralandadministrativeexpense": 307300000,
        "specialcharges": 500000,
        "operatingincomeloss": 44300000,
        "interestexpense": 200000,
        "othernonoperatingincomeexpense": 1200000,
        "incomelossfromcontinuingoperationsbeforeincometaxesminorityinterestandincomelossfromequitymethodinvestments": 118900000,
        "incometaxexpensebenefit": 27300000,
        "netincomefromconsolidatedoperations": 91600000,
        "incomelossfromequitymethodinvestments": 1700000,
        "netincomeloss": 100000000,
        "earningspersharebasic": 0.8,
        "weightedaveragenumberofsharesoutstandingbasic": 124700000,
        "earningspersharediluted": 0.79,
        "weightedaveragenumberofdilutedsharesoutstanding": 126400000,
        "commonstockdividendspersharecashpaid": 0.47,
        "commonstockdividendspersharedeclared": 0.47,
        "netincomelossattributabletononcontrollinginterest": 300000,
        "othercomprehensiveincomelosspensionandotherpostretirementbenefitplansadjustmentbeforetax": -1100000,
        "othercomprehensiveincomelossforeigncurrencytransactionandtranslationadjustmentnetoftax": 69900000,
        "othercomprehensiveincomelossderivativesqualifyingashedgesbeforetax": -6900000,
        "othercomprehensiveincomelosstaxportionattributabletoparent1": -1600000,
        "othercomprehensiveincomelossnetoftax": 165400000
    },
    {
        "date": "2017-02-27",
        "symbol": "MKC",
        "period": "Q1",
        "salesrevenuenet": 1043700000,
        "costofgoodssold": 630700000,
        "grossprofit": 413000000,
        "sellinggeneralandadministrativeexpense": 275200000,
        "specialcharges": 1900000,
        "operatingincomeloss": 134200000,
        "interestexpense": 14500000,
        "othernonoperatingincomeexpense": 100000,
        "incomelossfromcontinuingoperationsbeforeincometaxesminorityinterestandincomelossfromequitymethodinvestments": 119800000,
        "incometaxexpensebenefit": 33300000,
        "netincomefromconsolidatedoperations": 86500000,
        "incomelossfromequitymethodinvestments": 7000000,
        "netincomeloss": 93500000,
        "earningspersharebasic": 0.75,
        "weightedaveragenumberofsharesoutstandingbasic": 125100000,
        "earningspersharediluted": 0.74,
        "weightedaveragenumberofdilutedsharesoutstanding": 126900000,
        "commonstockdividendspersharecashpaid": 0.47,
        "netincomelossattributabletononcontrollinginterest": -1100000,
        "othercomprehensiveincomelosspensionandotherpostretirementbenefitplansadjustmentbeforetax": -86500000,
        "othercomprehensiveincomelossforeigncurrencytransactionandtranslationadjustmentnetoftax": 15100000,
        "othercomprehensiveincomelossderivativesqualifyingashedgesbeforetax": -2600000,
        "othercomprehensiveincomelosstaxportionattributabletoparent1": 29600000,
        "othercomprehensiveincomelossnetoftax": 164000000
    },
    {
        "date": "2016-08-30",
        "symbol": "MKC",
        "period": "Q3",
        "salesrevenuenet": 429000000,
        "costofgoodssold": 637100000,
        "grossprofit": 453900000,
        "sellinggeneralandadministrativeexpense": 281800000,
        "specialcharges": 1700000,
        "operatingincomeloss": 42900000,
        "interestexpense": 400000,
        "othernonoperatingincomeexpense": 200000,
        "incomelossfromcontinuingoperationsbeforeincometaxesminorityinterestandincomelossfromequitymethodinvestments": 153900000,
        "incometaxexpensebenefit": 34300000,
        "netincomefromconsolidatedoperations": 119600000,
        "incomelossfromequitymethodinvestments": 1300000,
        "netincomeloss": 127700000,
        "earningspersharebasic": 1.01,
        "weightedaveragenumberofsharesoutstandingbasic": 126400000,
        "earningspersharediluted": 1,
        "weightedaveragenumberofdilutedsharesoutstanding": 127900000,
        "commonstockdividendspersharecashpaid": 0.43,
        "commonstockdividendspersharedeclared": 0.43,
        "netincomelossattributabletononcontrollinginterest": -100000,
        "othercomprehensiveincomelosspensionandotherpostretirementbenefitplansadjustmentbeforetax": -8300000,
        "othercomprehensiveincomelossforeigncurrencytransactionandtranslationadjustmentnetoftax": -20800000,
        "othercomprehensiveincomelossderivativesqualifyingashedgesbeforetax": 1900000,
        "othercomprehensiveincomelosstaxportionattributabletoparent1": 1900000,
        "othercomprehensiveincomelossnetoftax": 115300000
    },
    {
        "date": "2016-05-30",
        "symbol": "MKC",
        "period": "Q2",
        "salesrevenuenet": -212300000,
        "costofgoodssold": 630500000,
        "grossprofit": 432800000,
        "sellinggeneralandadministrativeexpense": 303900000,
        "specialcharges": 1500000,
        "operatingincomeloss": -50900000,
        "interestexpense": -13000000,
        "othernonoperatingincomeexpense": 2900000,
        "incomelossfromcontinuingoperationsbeforeincometaxesminorityinterestandincomelossfromequitymethodinvestments": 112000000,
        "incometaxexpensebenefit": 25900000,
        "netincomefromconsolidatedoperations": 86100000,
        "incomelossfromequitymethodinvestments": -6100000,
        "netincomeloss": 93800000,
        "earningspersharebasic": 0.74,
        "weightedaveragenumberofsharesoutstandingbasic": -100000,
        "earningspersharediluted": 0.73,
        "weightedaveragenumberofdilutedsharesoutstanding": 0,
        "commonstockdividendspersharecashpaid": 0.43,
        "netincomelossattributabletononcontrollinginterest": 0,
        "othercomprehensiveincomelosspensionandotherpostretirementbenefitplansadjustmentbeforetax": -1800000,
        "othercomprehensiveincomelossforeigncurrencytransactionandtranslationadjustmentnetoftax": 38200000,
        "othercomprehensiveincomelossderivativesqualifyingashedgesbeforetax": -3200000,
        "othercomprehensiveincomelosstaxportionattributabletoparent1": 800000,
        "othercomprehensiveincomelossnetoftax": 129800000
    },
    {
        "date": "2016-02-28",
        "symbol": "MKC",
        "period": "Q1",
        "salesrevenuenet": 1030200000,
        "costofgoodssold": 625200000,
        "grossprofit": 405000000,
        "sellinggeneralandadministrativeexpense": 274300000,
        "specialcharges": 200000,
        "operatingincomeloss": 129100000,
        "interestexpense": 13900000,
        "othernonoperatingincomeexpense": -1100000,
        "incomelossfromcontinuingoperationsbeforeincometaxesminorityinterestandincomelossfromequitymethodinvestments": 116300000,
        "incometaxexpensebenefit": 31300000,
        "netincomefromconsolidatedoperations": 85000000,
        "incomelossfromequitymethodinvestments": 8400000,
        "netincomeloss": 93400000,
        "earningspersharebasic": 0.73,
        "weightedaveragenumberofsharesoutstandingbasic": 127100000,
        "earningspersharediluted": 0.73,
        "weightedaveragenumberofdilutedsharesoutstanding": 128300000,
        "commonstockdividendspersharecashpaid": 0.43,
        "netincomelossattributabletononcontrollinginterest": -700000,
        "othercomprehensiveincomelosspensionandotherpostretirementbenefitplansadjustmentbeforetax": -7700000,
        "othercomprehensiveincomelossforeigncurrencytransactionandtranslationadjustmentnetoftax": -25200000,
        "othercomprehensiveincomelossderivativesqualifyingashedgesbeforetax": 1600000,
        "othercomprehensiveincomelosstaxportionattributabletoparent1": 1700000,
        "othercomprehensiveincomelossnetoftax": 76500000
    },
    {
        "date": "2015-08-30",
        "symbol": "MKC",
        "period": "Q3",
        "salesrevenuenet": 429400000,
        "costofgoodssold": 638000000,
        "grossprofit": 421900000,
        "sellinggeneralandadministrativeexpense": 271500000,
        "specialcharges": 1300000,
        "operatingincomeloss": 138700000,
        "interestexpense": 1200000,
        "othernonoperatingincomeexpense": 200000,
        "incomelossfromcontinuingoperationsbeforeincometaxesminorityinterestandincomelossfromequitymethodinvestments": 125300000,
        "incometaxexpensebenefit": 37400000,
        "netincomefromconsolidatedoperations": 87900000,
        "incomelossfromequitymethodinvestments": 500000,
        "netincomeloss": 97600000,
        "earningspersharebasic": 0.76,
        "weightedaveragenumberofsharesoutstandingbasic": 128000000,
        "earningspersharediluted": 0.76,
        "weightedaveragenumberofdilutedsharesoutstanding": 129200000,
        "commonstockdividendspersharecashpaid": 0.4,
        "commonstockdividendspersharedeclared": 0.4,
        "netincomelossattributabletononcontrollinginterest": 1900000,
        "othercomprehensiveincomelosspensionandotherpostretirementbenefitplansadjustmentbeforetax": -7300000,
        "othercomprehensiveincomelossforeigncurrencytransactionandtranslationadjustmentnetoftax": -33900000,
        "othercomprehensiveincomelossderivativesqualifyingashedgesbeforetax": -800000,
        "othercomprehensiveincomelosstaxportionattributabletoparent1": 1500000,
        "othercomprehensiveincomelossnetoftax": 66800000
    },
    {
        "date": "2015-05-30",
        "symbol": "MKC",
        "period": "Q2",
        "salesrevenuenet": 424300000,
        "costofgoodssold": 620100000,
        "grossprofit": 404000000,
        "sellinggeneralandadministrativeexpense": 281200000,
        "specialcharges": 1900000,
        "operatingincomeloss": 103800000,
        "interestexpense": 1300000,
        "othernonoperatingincomeexpense": 600000,
        "incomelossfromcontinuingoperationsbeforeincometaxesminorityinterestandincomelossfromequitymethodinvestments": 91400000,
        "incometaxexpensebenefit": 14500000,
        "netincomefromconsolidatedoperations": 76900000,
        "incomelossfromequitymethodinvestments": -200000,
        "netincomeloss": 84300000,
        "earningspersharebasic": 0.66,
        "weightedaveragenumberofsharesoutstandingbasic": 127900000,
        "earningspersharediluted": 0.65,
        "weightedaveragenumberofdilutedsharesoutstanding": 129000000,
        "commonstockdividendspersharecashpaid": 0.4,
        "netincomelossattributabletononcontrollinginterest": -1200000,
        "othercomprehensiveincomelosspensionandotherpostretirementbenefitplansadjustmentbeforetax": -6200000,
        "othercomprehensiveincomelossforeigncurrencytransactionandtranslationadjustmentnetoftax": -13400000,
        "othercomprehensiveincomelossderivativesqualifyingashedgesbeforetax": -700000,
        "othercomprehensiveincomelosstaxportionattributabletoparent1": 1900000,
        "othercomprehensiveincomelossnetoftax": 75700000
    },
    {
        "date": "2015-02-27",
        "symbol": "MKC",
        "period": "Q1",
        "salesrevenuenet": 1010400000,
        "costofgoodssold": 620700000,
        "grossprofit": 389700000,
        "sellinggeneralandadministrativeexpense": 267600000,
        "specialcharges": 24500000,
        "operatingincomeloss": 93700000,
        "interestexpense": 12900000,
        "othernonoperatingincomeexpense": 200000,
        "incomelossfromcontinuingoperationsbeforeincometaxesminorityinterestandincomelossfromequitymethodinvestments": 80600000,
        "incometaxexpensebenefit": 20000000,
        "netincomefromconsolidatedoperations": 60600000,
        "incomelossfromequitymethodinvestments": 9900000,
        "netincomeloss": 70500000,
        "earningspersharebasic": 0.55,
        "weightedaveragenumberofsharesoutstandingbasic": 128200000,
        "earningspersharediluted": 0.55,
        "weightedaveragenumberofdilutedsharesoutstanding": 129300000,
        "commonstockdividendspersharecashpaid": 0.4,
        "netincomelossattributabletononcontrollinginterest": -1200000,
        "othercomprehensiveincomelosspensionandotherpostretirementbenefitplansadjustmentbeforetax": -9600000,
        "othercomprehensiveincomelossforeigncurrencytransactionandtranslationadjustmentnetoftax": -137200000,
        "othercomprehensiveincomelossderivativesqualifyingashedgesbeforetax": 1200000,
        "othercomprehensiveincomelosstaxportionattributabletoparent1": 2500000,
        "othercomprehensiveincomelossnetoftax": -57200000
    },
    {
        "date": "2014-08-30",
        "symbol": "MKC",
        "period": "Q3",
        "salesrevenuenet": 420900000,
        "costofgoodssold": 622700000,
        "grossprofit": 420100000,
        "sellinggeneralandadministrativeexpense": 260500000,
        "specialcharges": 500000,
        "operatingincomeloss": 157300000,
        "interestexpense": 1300000,
        "othernonoperatingincomeexpense": 300000,
        "incomelossfromcontinuingoperationsbeforeincometaxesminorityinterestandincomelossfromequitymethodinvestments": 145200000,
        "incometaxexpensebenefit": 31100000,
        "netincomefromconsolidatedoperations": 114100000,
        "incomelossfromequitymethodinvestments": 700000,
        "netincomeloss": 122900000,
        "earningspersharebasic": 0.95,
        "weightedaveragenumberofsharesoutstandingbasic": 129600000,
        "earningspersharediluted": 0.94,
        "weightedaveragenumberofdilutedsharesoutstanding": 130600000,
        "commonstockdividendspersharecashpaid": 0.37,
        "netincomelossattributabletononcontrollinginterest": -400000,
        "othercomprehensiveincomelosspensionandotherpostretirementbenefitplansadjustmentbeforetax": -4900000,
        "othercomprehensiveincomelossforeigncurrencytransactionandtranslationadjustmentnetoftax": -43000000,
        "othercomprehensiveincomelossderivativesqualifyingashedgesbeforetax": 1300000,
        "othercomprehensiveincomelosstaxportionattributabletoparent1": 1600000,
        "othercomprehensiveincomelossnetoftax": 84900000
    },
    {
        "date": "2014-05-30",
        "symbol": "MKC",
        "period": "Q2",
        "salesrevenuenet": 418400000,
        "costofgoodssold": 620900000,
        "grossprofit": 412500000,
        "sellinggeneralandadministrativeexpense": 290800000,
        "operatingincomeloss": 35900000,
        "interestexpense": 1300000,
        "othernonoperatingincomeexpense": 300000,
        "incomelossfromcontinuingoperationsbeforeincometaxesminorityinterestandincomelossfromequitymethodinvestments": 109500000,
        "incometaxexpensebenefit": 31200000,
        "netincomefromconsolidatedoperations": 78300000,
        "incomelossfromequitymethodinvestments": 6000000,
        "netincomeloss": 84500000,
        "earningspersharebasic": 0.65,
        "weightedaveragenumberofsharesoutstandingbasic": 130200000,
        "earningspersharediluted": 0.64,
        "weightedaveragenumberofdilutedsharesoutstanding": 131200000,
        "commonstockdividendspersharecashpaid": 0.37,
        "netincomelossattributabletononcontrollinginterest": -700000,
        "othercomprehensiveincomelosspensionandotherpostretirementbenefitplansadjustmentbeforetax": -4100000,
        "othercomprehensiveincomelossforeigncurrencytransactionandtranslationadjustmentnetoftax": -200000,
        "othercomprehensiveincomelossderivativesqualifyingashedgesbeforetax": -300000,
        "othercomprehensiveincomelosstaxportionattributabletoparent1": 1400000,
        "othercomprehensiveincomelossnetoftax": 87400000
    },
    {
        "date": "2014-02-27",
        "symbol": "MKC",
        "period": "Q1",
        "salesrevenuenet": 615300000,
        "costofgoodssold": 601900000,
        "grossprofit": 391500000,
        "sellinggeneralandadministrativeexpense": 266900000,
        "operatingincomeloss": 30300000,
        "interestexpense": 1200000,
        "othernonoperatingincomeexpense": 200000,
        "incomelossfromcontinuingoperationsbeforeincometaxesminorityinterestandincomelossfromequitymethodinvestments": 112400000,
        "incometaxexpensebenefit": 35000000,
        "netincomefromconsolidatedoperations": 77400000,
        "incomelossfromequitymethodinvestments": 100000,
        "netincomeloss": 82500000,
        "earningspersharebasic": 0.63,
        "weightedaveragenumberofsharesoutstandingbasic": 131100000,
        "earningspersharediluted": 0.62,
        "weightedaveragenumberofdilutedsharesoutstanding": 132200000,
        "commonstockdividendspersharecashpaid": 0.37,
        "netincomelossattributabletononcontrollinginterest": -1000000,
        "othercomprehensiveincomelosspensionandotherpostretirementbenefitplansadjustmentbeforetax": -3800000,
        "othercomprehensiveincomelossforeigncurrencytransactionandtranslationadjustmentnetoftax": 4300000,
        "othercomprehensiveincomelossderivativesqualifyingashedgesbeforetax": 300000,
        "othercomprehensiveincomelosstaxportionattributabletoparent1": 1500000,
        "othercomprehensiveincomelossnetoftax": 90400000
    },
    {
        "date": "2013-08-30",
        "symbol": "MKC",
        "period": "Q3",
        "salesrevenuenet": 404000000,
        "costofgoodssold": 608800000,
        "grossprofit": 407600000,
        "sellinggeneralandadministrativeexpense": 259200000,
        "operatingincomeloss": 118700000,
        "interestexpense": 1200000,
        "othernonoperatingincomeexpense": 300000,
        "incomelossfromcontinuingoperationsbeforeincometaxesminorityinterestandincomelossfromequitymethodinvestments": 134700000,
        "incometaxexpensebenefit": 35300000,
        "netincomefromconsolidatedoperations": 99400000,
        "incomelossfromequitymethodinvestments": 1000000,
        "netincomeloss": 104400000,
        "earningspersharebasic": 0.79,
        "weightedaveragenumberofsharesoutstandingbasic": 132100000,
        "earningspersharediluted": 0.78,
        "weightedaveragenumberofdilutedsharesoutstanding": 133500000,
        "commonstockdividendspersharecashpaid": 0.34,
        "netincomelossattributabletononcontrollinginterest": -200000,
        "othercomprehensiveincomelosspensionandotherpostretirementbenefitplansadjustmentbeforetax": -8500000,
        "othercomprehensiveincomelossforeigncurrencytransactionandtranslationadjustmentnetoftax": -7800000,
        "othercomprehensiveincomelossderivativesqualifyingashedgesbeforetax": 5300000,
        "othercomprehensiveincomelosstaxportionattributabletoparent1": 5500000,
        "othercomprehensiveincomelossnetoftax": 105100000
    },
    {
        "date": "2013-05-30",
        "symbol": "MKC",
        "period": "Q2",
        "salesrevenuenet": 411600000,
        "costofgoodssold": 608200000,
        "grossprofit": 394400000,
        "sellinggeneralandadministrativeexpense": 278400000,
        "operatingincomeloss": 28400000,
        "interestexpense": 1300000,
        "othernonoperatingincomeexpense": 800000,
        "incomelossfromcontinuingoperationsbeforeincometaxesminorityinterestandincomelossfromequitymethodinvestments": 103300000,
        "incometaxexpensebenefit": 30600000,
        "netincomefromconsolidatedoperations": 72700000,
        "incomelossfromequitymethodinvestments": 600000,
        "netincomeloss": 78600000,
        "earningspersharebasic": 0.6,
        "weightedaveragenumberofsharesoutstandingbasic": 132100000,
        "earningspersharediluted": 0.59,
        "weightedaveragenumberofdilutedsharesoutstanding": 133600000,
        "commonstockdividendspersharecashpaid": 0.34,
        "netincomelossattributabletononcontrollinginterest": -400000,
        "othercomprehensiveincomelosspensionandotherpostretirementbenefitplansadjustmentnetoftax": -9200000,
        "othercomprehensiveincomelossforeigncurrencytransactionandtranslationadjustmentnetoftax": -29600000,
        "othercomprehensiveincomelossderivativesqualifyingashedgesnetoftax": 3500000,
        "othercomprehensiveincomelosstaxportionattributabletoparent1": 4300000,
        "othercomprehensiveincomelossnetoftax": 57800000
    },
    {
        "date": "2013-02-27",
        "symbol": "MKC",
        "period": "Q1",
        "salesrevenuenet": 569800000,
        "costofgoodssold": 572700000,
        "grossprofit": 361700000,
        "sellinggeneralandadministrativeexpense": 249700000,
        "operatingincomeloss": 24300000,
        "interestexpense": 1200000,
        "othernonoperatingincomeexpense": 600000,
        "incomelossfromcontinuingoperationsbeforeincometaxesminorityinterestandincomelossfromequitymethodinvestments": 98700000,
        "incometaxexpensebenefit": 28100000,
        "netincomefromconsolidatedoperations": 70600000,
        "incomelossfromequitymethodinvestments": 4500000,
        "netincomeloss": 76000000,
        "earningspersharebasic": 0.57,
        "weightedaveragenumberofsharesoutstandingbasic": 132500000,
        "earningspersharediluted": 0.57,
        "weightedaveragenumberofdilutedsharesoutstanding": 134000000,
        "commonstockdividendspersharecashpaid": 0.34,
        "netincomelossattributabletononcontrollinginterest": -500000,
        "othercomprehensiveincomelosspensionandotherpostretirementbenefitplansadjustmentnetoftax": -12900000,
        "othercomprehensiveincomelossforeigncurrencytransactionandtranslationadjustmentnetoftax": -16200000,
        "othercomprehensiveincomelossderivativesqualifyingashedgesnetoftax": 4200000,
        "othercomprehensiveincomelosstaxportionattributabletoparent1": -4000000,
        "othercomprehensiveincomelossnetoftax": 73400000
    },
    {
        "date": "2012-08-30",
        "symbol": "MKC",
        "period": "Q3",
        "salesrevenuenet": 568300000,
        "costofgoodssold": 586000000,
        "grossprofit": 391700000,
        "sellinggeneralandadministrativeexpense": 247500000,
        "operatingincomeloss": 35300000,
        "interestexpense": 1100000,
        "othernonoperatingincomeexpense": 900000,
        "incomelossfromcontinuingoperationsbeforeincometaxesminorityinterestandincomelossfromequitymethodinvestments": 131900000,
        "incometaxexpensebenefit": 33000000,
        "netincomefromconsolidatedoperations": 98900000,
        "incomelossfromequitymethodinvestments": 800000,
        "netincomeloss": 104400000,
        "earningspersharebasic": 0.79,
        "weightedaveragenumberofsharesoutstandingbasic": 132700000,
        "earningspersharediluted": 0.78,
        "weightedaveragenumberofdilutedsharesoutstanding": 134300000,
        "commonstockdividendspersharecashpaid": 0.31
    },
    {
        "date": "2012-05-30",
        "symbol": "MKC",
        "period": "Q2",
        "salesrevenuenet": 568800000,
        "costofgoodssold": 595600000,
        "grossprofit": 388400000,
        "sellinggeneralandadministrativeexpense": 267100000,
        "operatingincomeloss": 88600000,
        "interestexpense": 1200000,
        "othernonoperatingincomeexpense": -100000,
        "incomelossfromcontinuingoperationsbeforeincometaxesminorityinterestandincomelossfromequitymethodinvestments": 107300000,
        "incometaxexpensebenefit": 30800000,
        "netincomefromconsolidatedoperations": 76500000,
        "incomefromequitymethodinvestments": 3900000,
        "netincomeloss": 80400000,
        "earningspersharebasic": 0.61,
        "weightedaveragenumberofsharesoutstandingbasic": 132600000,
        "earningspersharediluted": 0.6,
        "weightedaveragenumberofdilutedsharesoutstanding": 134100000,
        "commonstockdividendspersharecashpaid": 0.31
    },
    {
        "date": "2012-02-28",
        "symbol": "MKC",
        "period": "Q1",
        "salesrevenuenet": 372500000,
        "costofgoodssold": 551400000,
        "grossprofit": 355300000,
        "sellinggeneralandadministrativeexpense": 242800000,
        "operatingincomeloss": 31100000,
        "interestexpense": 13500000,
        "othernonoperatingincomeexpense": 900000,
        "incomelossfromcontinuingoperationsbeforeincometaxesminorityinterestandincomelossfromequitymethodinvestments": 99900000,
        "incometaxexpensebenefit": 30000000,
        "netincomefromconsolidatedoperations": 69900000,
        "incomelossfromequitymethodinvestments": 800000,
        "netincomeloss": 74500000,
        "earningspersharebasic": 0.56,
        "weightedaveragenumberofsharesoutstandingbasic": 133100000,
        "earningspersharediluted": 0.55,
        "weightedaveragenumberofdilutedsharesoutstanding": 134500000,
        "commonstockdividendspersharecashpaid": 0.31
    },
    {
        "date": "2011-08-30",
        "symbol": "MKC",
        "period": "Q3",
        "salesrevenuenet": 398400000,
        "costofgoodssold": 555900000,
        "grossprofit": 364500000,
        "sellinggeneralandadministrativeexpense": 236100000,
        "operatingincomeloss": 27900000,
        "interestexpense": 13100000,
        "othernonoperatingincomeexpense": 1100000,
        "incomelossfromcontinuingoperationsbeforeincometaxesminorityinterestandincomelossfromequitymethodinvestments": 116400000,
        "incometaxexpensebenefit": 31200000,
        "netincomefromconsolidatedoperations": 85200000,
        "incomelossfromequitymethodinvestments": 1700000,
        "netincomeloss": 92000000,
        "earningspersharebasic": 0.69,
        "weightedaveragenumberofsharesoutstandingbasic": 132600000,
        "earningspersharediluted": 0.69,
        "weightedaveragenumberofdilutedsharesoutstanding": 134100000,
        "commonstockdividendspersharecashpaid": 0.28
    },
    {
        "date": "2011-05-30",
        "symbol": "MKC",
        "period": "Q2",
        "salesrevenuenet": 883700000,
        "costofgoodssold": 533000000,
        "grossprofit": 350700000,
        "sellinggeneralandadministrativeexpense": 241400000,
        "operatingincomeloss": 109300000,
        "interestexpense": 12300000,
        "othernonoperatingincomeexpense": 900000,
        "incomelossfromcontinuingoperationsbeforeincometaxesminorityinterestandincomelossfromequitymethodinvestments": 97900000,
        "incometaxexpensebenefit": 30400000,
        "netincomefromconsolidatedoperations": 67500000,
        "incomelossfromequitymethodinvestments": 6100000,
        "netincomeloss": 73600000,
        "earningspersharebasic": 0.56,
        "weightedaveragenumberofsharesoutstandingbasic": 132400000,
        "earningspersharediluted": 0.55,
        "weightedaveragenumberofdilutedsharesoutstanding": 134100000,
        "commonstockdividendspersharecashpaid": 0.28
    },
    {
        "date": "2011-02-27",
        "symbol": "MKC",
        "period": "Q1",
        "salesrevenuenet": 782800000,
        "costofgoodssold": 454600000,
        "grossprofit": 328200000,
        "sellinggeneralandadministrativeexpense": 217600000,
        "operatingincomeloss": 110600000,
        "interestexpense": 12200000,
        "othernonoperatingincomeexpense": 500000,
        "incomelossfromcontinuingoperationsbeforeincometaxesminorityinterestandincomelossfromequitymethodinvestments": 98900000,
        "incometaxexpensebenefit": 30000000,
        "netincomefromconsolidatedoperations": 68900000,
        "incomelossfromequitymethodinvestments": 7900000,
        "netincomeloss": 76800000,
        "earningspersharebasic": 0.58,
        "weightedaveragenumberofsharesoutstandingbasic": 132900000,
        "earningspersharediluted": 0.57,
        "weightedaveragenumberofdilutedsharesoutstanding": 134600000,
        "commonstockdividendspersharecashpaid": 0.28
    },
    {
        "date": "2010-08-30",
        "symbol": "MKC",
        "period": "Q3",
        "salesrevenuenet": 794600000,
        "costofgoodssold": 459800000,
        "grossprofit": 334800000,
        "sellinggeneralandadministrativeexpense": 208800000,
        "operatingincomeloss": 126000000,
        "interestexpense": 12400000,
        "othernonoperatingincomeexpense": 500000,
        "incomelossfromcontinuingoperationsbeforeincometaxesminorityinterestandincomelossfromequitymethodinvestments": 114100000,
        "incometaxexpensebenefit": 18300000,
        "netincomefromconsolidatedoperations": 95800000,
        "incomelossfromequitymethodinvestments": 6600000,
        "netincomeloss": 102400000,
        "earningspersharebasic": 0.77,
        "weightedaveragenumberofsharesoutstandingbasic": 133300000,
        "earningspersharediluted": 0.76,
        "weightedaveragenumberofdilutedsharesoutstanding": 134900000,
        "commonstockdividendspersharecashpaid": 0.26
    }
]