[
    {
        "date": "2024-10-30",
        "symbol": "KEYS",
        "period": "Q4",
        "costofgoodsandservicessold": 485000000,
        "researchanddevelopmentexpense": 233000000,
        "sellinggeneralandadministrativeexpense": 343000000,
        "otheroperatingincomeexpensenet": 4000000,
        "costsandexpenses": 1057000000,
        "operatingincomeloss": 230000000,
        "investmentincomeinterest": 21000000,
        "incomelossfromcontinuingoperationsbeforeincometaxesextraordinaryitemsnoncontrollinginterest": 248000000,
        "incometaxexpensebenefit": 321000000,
        "netincomeloss": -73000000,
        "earningspersharebasic": -0.41000000000000014,
        "earningspersharediluted": -0.41000000000000036,
        "weightedaveragenumberofsharesoutstandingbasic": 174000000,
        "weightedaveragenumberofdilutedsharesoutstanding": 175000000,
        "othercomprehensiveincomelosscashflowhedgegainlossreclassificationaftertax": 0,
        "othercomprehensiveincomeforeigncurrencytransactionandtranslationgainlossarisingduringperiodnetoftax": 4000000,
        "comprehensiveincomenetoftax": 0,
        "othercomprehensiveincomedefinedbenefitplansnetunamortizedgainlossarisingduringperiodtax": -11000000
    },
    {
        "date": "2024-07-30",
        "symbol": "KEYS",
        "period": "Q3",
        "costofgoodsandservicessold": 652000000,
        "researchanddevelopmentexpense": 226000000,
        "sellinggeneralandadministrativeexpense": 329000000,
        "otheroperatingincomeexpensenet": 5000000,
        "costsandexpenses": 1012000000,
        "operatingincomeloss": 205000000,
        "investmentincomeinterest": 19000000,
        "incomelossfromcontinuingoperationsbeforeincometaxesextraordinaryitemsnoncontrollinginterest": 213000000,
        "incometaxexpensebenefit": -176000000,
        "profitloss": 389000000,
        "netincomeloss": 389000000,
        "earningspersharebasic": 2.23,
        "earningspersharediluted": 2.22,
        "weightedaveragenumberofsharesoutstandingbasic": 174000000,
        "weightedaveragenumberofdilutedsharesoutstanding": 175000000,
        "othercomprehensiveincomelosscashflowhedgegainlossbeforereclassificationaftertax": 0,
        "othercomprehensiveincomelosscashflowhedgegainlossreclassificationaftertax": 3000000,
        "othercomprehensiveincomeforeigncurrencytransactionandtranslationgainlossarisingduringperiodnetoftax": 32000000,
        "othercomprehensiveincomelossreclassificationadjustmentfromaocipensionandotherpostretirementbenefitplansfornetgainlossnetoftax": -3000000,
        "othercomprehensiveincomelossnetoftaxportionattributabletoparent": 32000000,
        "comprehensiveincomenetoftax": 421000000,
        "othercomprehensiveincomedefinedbenefitplansnetunamortizedgainlossarisingduringperiodtax": -1000000
    },
    {
        "date": "2024-04-29",
        "symbol": "KEYS",
        "period": "Q2",
        "revenues": 909000000,
        "costofgoodsandservicessold": 358000000,
        "researchanddevelopmentexpense": 228000000,
        "sellinggeneralandadministrativeexpense": 361000000,
        "otheroperatingincomeexpensenet": 3000000,
        "costsandexpenses": 1039000000,
        "operatingincomeloss": 177000000,
        "investmentincomeinterest": 18000000,
        "interestexpensenonoperating": 20000000,
        "incomelossfromcontinuingoperationsbeforeincometaxesextraordinaryitemsnoncontrollinginterest": 175000000,
        "incometaxexpensebenefit": 49000000,
        "profitloss": 126000000,
        "netincomeloss": 126000000,
        "earningspersharebasic": 0.73,
        "earningspersharediluted": 0.72,
        "weightedaveragenumberofsharesoutstandingbasic": 174000000,
        "weightedaveragenumberofdilutedsharesoutstanding": 175000000,
        "othercomprehensiveincomelosscashflowhedgegainlossbeforereclassificationaftertax": 3000000,
        "othercomprehensiveincomelosscashflowhedgegainlossreclassificationaftertax": 2000000,
        "othercomprehensiveincomeforeigncurrencytransactionandtranslationgainlossarisingduringperiodnetoftax": -32000000,
        "othercomprehensiveincomelossreclassificationadjustmentfromaocipensionandotherpostretirementbenefitplansfornetgainlossnetoftax": -4000000,
        "othercomprehensiveincomelossnetoftaxportionattributabletoparent": -27000000,
        "comprehensiveincomenetoftax": 99000000,
        "othercomprehensiveincomelosscashflowhedgegainlossbeforereclassificationtax": -1000000,
        "othercomprehensiveincomelosscashflowhedgegainlossreclassificationtax": 1000000,
        "othercomprehensiveincomedefinedbenefitplansnetunamortizedgainlossarisingduringperiodtax": -1000000
    },
    {
        "date": "2024-01-30",
        "symbol": "KEYS",
        "period": "Q1",
        "revenuefromcontractwithcustomerincludingassessedtax": 952000000,
        "costofgoodsandservicessold": 351000000,
        "researchanddevelopmentexpense": 232000000,
        "sellinggeneralandadministrativeexpense": 362000000,
        "otheroperatingincomeexpensenet": 2000000,
        "costsandexpenses": 1038000000,
        "operatingincomeloss": 221000000,
        "investmentincomeinterest": 23000000,
        "interestexpense": 20000000,
        "othernonoperatingincomeexpense": 5000000,
        "incomelossfromcontinuingoperationsbeforeincometaxesextraordinaryitemsnoncontrollinginterest": 229000000,
        "incometaxexpensebenefit": 57000000,
        "profitloss": 176000000,
        "netincomeloss": 172000000,
        "earningspersharebasic": 0.98,
        "earningspersharediluted": 0.98,
        "weightedaveragenumberofsharesoutstandingbasic": 175000000,
        "weightedaveragenumberofdilutedsharesoutstanding": 176000000,
        "othercomprehensiveincomelosscashflowhedgegainlossbeforereclassificationaftertax": -2000000,
        "othercomprehensiveincomelosscashflowhedgegainlossreclassificationaftertax": 2000000,
        "othercomprehensiveincomeforeigncurrencytransactionandtranslationgainlossarisingduringperiodnetoftax": 27000000,
        "othercomprehensiveincomelossreclassificationadjustmentfromaocipensionandotherpostretirementbenefitplansfornetgainlossnetoftax": -1000000,
        "othercomprehensiveincomelossnetoftaxportionattributabletoparent": 24000000,
        "comprehensiveincomenetoftax": 196000000,
        "othercomprehensiveincomelosscashflowhedgegainlossbeforereclassificationtax": 1000000,
        "othercomprehensiveincomedefinedbenefitplansnetunamortizedgainlossarisingduringperiodtax": -1000000
    },
    {
        "date": "2023-04-29",
        "symbol": "KEYS",
        "period": "Q2",
        "revenues": 453000000,
        "costofgoodsandservicessold": 0,
        "researchanddevelopmentexpense": 222000000,
        "sellinggeneralandadministrativeexpense": 1000000,
        "otheroperatingincomeexpensenet": 4000000,
        "costsandexpenses": 1036000000,
        "operatingincomeloss": 423000000,
        "investmentincomeinterest": 22000000,
        "interestexpense": 20000000,
        "othernonoperatingincomeexpense": 5000000,
        "incomelossfromcontinuingoperationsbeforeincometaxesextraordinaryitemsnoncontrollinginterest": 361000000,
        "incometaxexpensebenefit": -1000000,
        "profitloss": -2000000,
        "earningspersharebasic": 1.58,
        "earningspersharediluted": 1.57,
        "weightedaveragenumberofsharesoutstandingbasic": 0,
        "weightedaveragenumberofdilutedsharesoutstanding": -1000000,
        "othercomprehensiveincomelosscashflowhedgegainlossbeforereclassificationaftertax": 1000000,
        "othercomprehensiveincomelosscashflowhedgegainlossreclassificationaftertax": 1000000,
        "othercomprehensiveincomeforeigncurrencytransactionandtranslationgainlossarisingduringperiodnetoftax": -11000000,
        "othercomprehensiveincomelossreclassificationadjustmentfromaocipensionandotherpostretirementbenefitplansfornetgainlossnetoftax": -3000000,
        "othercomprehensiveincomelossnetoftax": -8000000,
        "comprehensiveincomenetoftaxincludingportionattributabletononcontrollinginterest": 275000000,
        "othercomprehensiveincomelosscashflowhedgegainlossbeforereclassificationtax": 0,
        "othercomprehensiveincomedefinedbenefitplansnetunamortizedgainlossarisingduringperiodtax": 3000000
    },
    {
        "date": "2023-01-30",
        "symbol": "KEYS",
        "period": "Q1",
        "revenues": 442000000,
        "costofgoodsandservicessold": 4000000,
        "researchanddevelopmentexpense": 227000000,
        "sellinggeneralandadministrativeexpense": -2000000,
        "otheroperatingincomeexpensenet": 4000000,
        "costsandexpenses": 1059000000,
        "operatingincomeloss": 409000000,
        "investmentincomeinterest": 19000000,
        "interestexpense": 19000000,
        "othernonoperatingincomeexpense": 9000000,
        "incomelossfromcontinuingoperationsbeforeincometaxesextraordinaryitemsnoncontrollinginterest": 331000000,
        "incometaxexpensebenefit": -1000000,
        "profitloss": -3000000,
        "earningspersharebasic": 1.46,
        "earningspersharediluted": 1.45,
        "weightedaveragenumberofsharesoutstandingbasic": 178000000,
        "weightedaveragenumberofdilutedsharesoutstanding": 180000000,
        "othercomprehensiveincomelosscashflowhedgegainlossbeforereclassificationaftertax": -21000000,
        "othercomprehensiveincomelosscashflowhedgegainlossreclassificationaftertax": 2000000,
        "othercomprehensiveincomeforeigncurrencytransactionandtranslationgainlossarisingduringperiodnetoftax": 81000000,
        "othercomprehensiveincomelossreclassificationadjustmentfromaocipensionandotherpostretirementbenefitplansfornetgainlossnetoftax": -5000000,
        "othercomprehensiveincomelossnetoftax": 63000000,
        "comprehensiveincomenetoftaxincludingportionattributabletononcontrollinginterest": 323000000,
        "othercomprehensiveincomelosscashflowhedgegainlossbeforereclassificationtax": 6000000,
        "othercomprehensiveincomedefinedbenefitplansnetunamortizedgainlossarisingduringperiodtax": -1000000
    },
    {
        "date": "2022-07-30",
        "symbol": "KEYS",
        "period": "Q3",
        "revenues": 406000000,
        "costofgoodsandservicessold": 5000000,
        "researchanddevelopmentexpense": 206000000,
        "sellinggeneralandadministrativeexpense": -4000000,
        "otheroperatingincomeexpensenet": 3000000,
        "costsandexpenses": 1019000000,
        "operatingincomeloss": 415000000,
        "investmentincomeinterest": 4000000,
        "interestexpense": 20000000,
        "othernonoperatingincomeexpense": 5000000,
        "incomelossfromcontinuingoperationsbeforeincometaxesextraordinaryitemsnoncontrollinginterest": 346000000,
        "incometaxexpensebenefit": -3000000,
        "profitloss": -5000000,
        "earningspersharebasic": 1.89,
        "earningspersharediluted": 1.87,
        "weightedaveragenumberofsharesoutstandingbasic": 179000000,
        "weightedaveragenumberofdilutedsharesoutstanding": 181000000,
        "othercomprehensiveincomelosscashflowhedgegainlossbeforereclassificationaftertax": -11000000,
        "othercomprehensiveincomelosscashflowhedgegainlossreclassificationaftertax": 1000000,
        "othercomprehensiveincomeforeigncurrencytransactionandtranslationgainlossarisingduringperiodnetoftax": -20000000,
        "othercomprehensiveincomelossreclassificationadjustmentfromaocipensionandotherpostretirementbenefitplansfornetgainlossnetoftax": -6000000,
        "othercomprehensiveincomelossnetoftax": -26000000,
        "comprehensiveincomenetoftaxincludingportionattributabletononcontrollinginterest": 312000000,
        "othercomprehensiveincomelosscashflowhedgegainlossbeforereclassificationtax": 3000000,
        "othercomprehensiveincomedefinedbenefitplansnetunamortizedgainlossarisingduringperiodtax": -3000000
    },
    {
        "date": "2022-04-29",
        "symbol": "KEYS",
        "period": "Q2",
        "revenues": 388000000,
        "costofgoodsandservicessold": 3000000,
        "researchanddevelopmentexpense": 210000000,
        "sellinggeneralandadministrativeexpense": -1000000,
        "otheroperatingincomeexpensenet": -3000000,
        "costsandexpenses": 1024000000,
        "operatingincomeloss": 389000000,
        "investmentincomeinterest": 1000000,
        "interestexpense": 19000000,
        "othernonoperatingincomeexpense": -2000000,
        "incomelossfromcontinuingoperationsbeforeincometaxesextraordinaryitemsnoncontrollinginterest": 307000000,
        "incometaxexpensebenefit": -2000000,
        "profitloss": -6000000,
        "earningspersharebasic": 1.42,
        "earningspersharediluted": 1.41,
        "weightedaveragenumberofsharesoutstandingbasic": 181000000,
        "weightedaveragenumberofdilutedsharesoutstanding": 183000000,
        "othercomprehensiveincomelosscashflowhedgegainlossbeforereclassificationaftertax": 36000000,
        "othercomprehensiveincomelosscashflowhedgegainlossreclassificationaftertax": 2000000,
        "othercomprehensiveincomeforeigncurrencytransactionandtranslationgainlossarisingduringperiodnetoftax": -65000000,
        "othercomprehensiveincomelossreclassificationadjustmentfromaocipensionandotherpostretirementbenefitplansfornetgainlossnetoftax": -8000000,
        "othercomprehensiveincomelossnetoftax": -23000000,
        "comprehensiveincomenetoftaxincludingportionattributabletononcontrollinginterest": 235000000,
        "othercomprehensiveincomelosscashflowhedgegainlossbeforereclassificationtax": -9000000,
        "othercomprehensiveincomedefinedbenefitplansnetunamortizedgainlossarisingduringperiodtax": -2000000
    },
    {
        "date": "2022-01-30",
        "symbol": "KEYS",
        "period": "Q1",
        "revenues": 1030000000,
        "costofgoodsandservicessold": 360000000,
        "researchanddevelopmentexpense": 210000000,
        "sellinggeneralandadministrativeexpense": 326000000,
        "otheroperatingincomeexpensenet": 3000000,
        "costsandexpenses": 979000000,
        "operatingincomeloss": 271000000,
        "investmentincomeinterest": 1000000,
        "interestexpense": 20000000,
        "othernonoperatingincomeexpense": 12000000,
        "incomelossfromcontinuingoperationsbeforeincometaxesextraordinaryitemsnoncontrollinginterest": 264000000,
        "incometaxexpensebenefit": 35000000,
        "profitloss": 229000000,
        "earningspersharebasic": 1.25,
        "earningspersharediluted": 1.24,
        "weightedaveragenumberofsharesoutstandingbasic": 183000000,
        "weightedaveragenumberofdilutedsharesoutstanding": 184000000,
        "othercomprehensiveincomelosscashflowhedgegainlossbeforereclassificationaftertax": 4000000,
        "othercomprehensiveincomeforeigncurrencytransactionandtranslationgainlossarisingduringperiodnetoftax": -21000000,
        "othercomprehensiveincomelossreclassificationadjustmentfromaocipensionandotherpostretirementbenefitplansfornetgainlossnetoftax": -8000000,
        "othercomprehensiveincomelossnetoftax": -9000000,
        "comprehensiveincomenetoftaxincludingportionattributabletononcontrollinginterest": 220000000,
        "othercomprehensiveincomelosscashflowhedgegainlossbeforereclassificationtax": -1000000,
        "othercomprehensiveincomedefinedbenefitplansnetunamortizedgainlossarisingduringperiodtax": -2000000
    },
    {
        "date": "2021-07-30",
        "symbol": "KEYS",
        "period": "Q3",
        "revenues": 1021000000,
        "costofgoodsandservicessold": 370000000,
        "researchanddevelopmentexpense": 207000000,
        "sellinggeneralandadministrativeexpense": 302000000,
        "otheroperatingincomeexpensenet": 5000000,
        "costsandexpenses": 962000000,
        "operatingincomeloss": 284000000,
        "investmentincomeinterest": 1000000,
        "interestexpense": 20000000,
        "othernonoperatingincomeexpense": 5000000,
        "incomelossfromcontinuingoperationsbeforeincometaxesminorityinterestandincomelossfromequitymethodinvestments": 270000000,
        "incometaxexpensebenefit": 16000000,
        "profitloss": 254000000,
        "earningspersharebasic": 1.38,
        "earningspersharediluted": 1.36,
        "weightedaveragenumberofsharesoutstandingbasic": 184000000,
        "weightedaveragenumberofdilutedsharesoutstanding": 186000000,
        "othercomprehensiveincomelosscashflowhedgegainlossbeforereclassificationaftertax": -22000000,
        "othercomprehensiveincomelosscashflowhedgegainlossreclassificationaftertax": 1000000,
        "othercomprehensiveincomeforeigncurrencytransactionandtranslationgainlossarisingduringperiodnetoftax": -7000000,
        "othercomprehensiveincomelossreclassificationadjustmentfromaocipensionandotherpostretirementbenefitplansfornetgainlossnetoftax": -13000000,
        "othercomprehensiveincomelossnetoftax": -17000000,
        "comprehensiveincomenetoftaxincludingportionattributabletononcontrollinginterest": 237000000,
        "othercomprehensiveincomeunrealizedgainlossonderivativesarisingduringperiodtax": 7000000,
        "othercomprehensiveincomedefinedbenefitplansnetunamortizedgainlossarisingduringperiodtax": -6000000
    },
    {
        "date": "2021-01-30",
        "symbol": "KEYS",
        "period": "Q1",
        "revenues": 970000000,
        "costofgoodsandservicessold": 392000000,
        "researchanddevelopmentexpense": 199000000,
        "sellinggeneralandadministrativeexpense": 301000000,
        "otheroperatingincomeexpensenet": 5000000,
        "costsandexpenses": 968000000,
        "operatingincomeloss": 212000000,
        "investmentincomeinterest": 1000000,
        "interestexpense": 20000000,
        "othernonoperatingincomeexpense": 2000000,
        "incomelossfromcontinuingoperationsbeforeincometaxesminorityinterestandincomelossfromequitymethodinvestments": 195000000,
        "incometaxexpensebenefit": 23000000,
        "profitloss": 172000000,
        "earningspersharebasic": 0.93,
        "earningspersharediluted": 0.92,
        "weightedaveragenumberofsharesoutstandingbasic": 186000000,
        "weightedaveragenumberofdilutedsharesoutstanding": 188000000,
        "othercomprehensiveincomelosscashflowhedgegainlossbeforereclassificationaftertax": 18000000,
        "othercomprehensiveincomeforeigncurrencytransactionandtranslationgainlossarisingduringperiodnetoftax": 31000000,
        "othercomprehensiveincomelossreclassificationadjustmentfromaocipensionandotherpostretirementbenefitplansfornetgainlossnetoftax": -14000000,
        "othercomprehensiveincomelossnetoftax": 63000000,
        "comprehensiveincomenetoftaxincludingportionattributabletononcontrollinginterest": 235000000,
        "othercomprehensiveincomeunrealizedgainlossonderivativesarisingduringperiodtax": -5000000,
        "othercomprehensiveincomedefinedbenefitplansnetunamortizedgainlossarisingduringperiodtax": -5000000
    },
    {
        "date": "2020-01-30",
        "symbol": "KEYS",
        "period": "Q1",
        "profitloss": 163000000,
        "othercomprehensiveincomelosscashflowhedgegainlossbeforereclassificationaftertax": 1000000,
        "othercomprehensiveincomelosscashflowhedgegainlossreclassificationaftertax": -1000000,
        "othercomprehensiveincomelossreclassificationadjustmentfromaocipensionandotherpostretirementbenefitplansfornetgainlossnetoftax": -17000000,
        "othercomprehensiveincomelossamortizationadjustmentfromaocipensionandotherpostretirementbenefitplansfornetpriorservicecostcreditnetoftax": -2000000,
        "othercomprehensiveincomelossnetoftax": 17000000,
        "comprehensiveincomenetoftaxincludingportionattributabletononcontrollinginterest": 180000000,
        "othercomprehensiveincomelosscashflowhedgegainlossbeforereclassificationtax": -1000000,
        "othercomprehensiveincomelossamortizationadjustmentfromaocipensionandotherpostretirementbenefitplansfornetpriorservicecostcredittax": 1000000,
        "revenues": 902000000,
        "costofgoodsandservicessold": 359000000,
        "researchanddevelopmentexpense": 187000000,
        "sellinggeneralandadministrativeexpense": 300000000,
        "otheroperatingincomeexpensenet": 35000000,
        "costsandexpenses": 892000000,
        "operatingincomeloss": 203000000,
        "investmentincomeinterest": 6000000,
        "interestexpense": 19000000,
        "othernonoperatingincomeexpense": 12000000,
        "incomelossfromcontinuingoperationsbeforeincometaxesminorityinterestandincomelossfromequitymethodinvestments": 202000000,
        "incometaxexpensebenefit": 39000000,
        "earningspersharebasic": 0.87,
        "earningspersharediluted": 0.86,
        "weightedaveragenumberofsharesoutstandingbasic": 188000000,
        "weightedaveragenumberofdilutedsharesoutstanding": 191000000
    },
    {
        "date": "2019-04-29",
        "symbol": "KEYS",
        "period": "Q2",
        "profitloss": 153000000,
        "othercomprehensiveincomelosscashflowhedgegainlossbeforereclassificationaftertax": 0,
        "othercomprehensiveincomelosscashflowhedgegainlossreclassificationaftertax": 0,
        "othercomprehensiveincomeforeigncurrencytransactionandtranslationgainlossarisingduringperiodnetoftax": -16000000,
        "othercomprehensiveincomelossreclassificationadjustmentfromaocipensionandotherpostretirementbenefitplansfornetgainlossnetoftax": -8000000,
        "othercomprehensiveincomelossamortizationadjustmentfromaocipensionandotherpostretirementbenefitplansfornetpriorservicecostcreditnetoftax": -4000000,
        "othercomprehensiveincomelossnetoftax": -12000000,
        "comprehensiveincomenetoftaxincludingportionattributabletononcontrollinginterest": 141000000,
        "othercomprehensiveincomedefinedbenefitplansnetunamortizedgainlossarisingduringperiodtax": -4000000,
        "othercomprehensiveincomelossamortizationadjustmentfromaocipensionandotherpostretirementbenefitplansfornetpriorservicecostcredittax": 1000000,
        "revenues": 1629000000,
        "costofgoodsandservicessold": 280000000,
        "researchanddevelopmentexpense": 171000000,
        "sellinggeneralandadministrativeexpense": 587000000,
        "otheroperatingincomeexpensenet": 8000000,
        "costsandexpenses": 907000000,
        "operatingincomeloss": 197000000,
        "investmentincomeinterest": 6000000,
        "interestexpense": 20000000,
        "othernonoperatingincomeexpense": 22000000,
        "incomelossfromcontinuingoperationsbeforeincometaxesminorityinterestandincomelossfromequitymethodinvestments": 325000000,
        "incometaxexpensebenefit": 49000000,
        "earningspersharebasic": 0.8699999999999999,
        "earningspersharediluted": 0.8499999999999999,
        "weightedaveragenumberofsharesoutstandingbasic": 1000000,
        "weightedaveragenumberofdilutedsharesoutstanding": 1000000
    },
    {
        "date": "2019-01-30",
        "symbol": "KEYS",
        "period": "Q1",
        "profitloss": 114000000,
        "othercomprehensiveincomelosscashflowhedgegainlossbeforereclassificationaftertax": -2000000,
        "othercomprehensiveincomelosscashflowhedgegainlossreclassificationaftertax": -1000000,
        "othercomprehensiveincomeforeigncurrencytransactionandtranslationgainlossarisingduringperiodnetoftax": 30000000,
        "othercomprehensiveincomelossreclassificationadjustmentfromaocipensionandotherpostretirementbenefitplansfornetgainlossnetoftax": -13000000,
        "othercomprehensiveincomelossamortizationadjustmentfromaocipensionandotherpostretirementbenefitplansfornetpriorservicecostcreditnetoftax": -3000000,
        "othercomprehensiveincomelossnetoftax": 39000000,
        "comprehensiveincomenetoftaxincludingportionattributabletononcontrollinginterest": 153000000,
        "othercomprehensiveincomedefinedbenefitplansnetunamortizedgainlossarisingduringperiodtax": -3000000,
        "othercomprehensiveincomelossamortizationadjustmentfromaocipensionandotherpostretirementbenefitplansfornetpriorservicecostcredittax": 1000000,
        "revenues": 119000000,
        "costofgoodsandservicessold": 427000000,
        "researchanddevelopmentexpense": 173000000,
        "sellinggeneralandadministrativeexpense": 1000000,
        "otheroperatingincomeexpensenet": 4000000,
        "costsandexpenses": 883000000,
        "operatingincomeloss": 109000000,
        "investmentincomeinterest": 4000000,
        "interestexpense": 20000000,
        "othernonoperatingincomeexpense": 15000000,
        "incomelossfromcontinuingoperationsbeforeincometaxesminorityinterestandincomelossfromequitymethodinvestments": -12000000,
        "incometaxexpensebenefit": -3000000,
        "earningspersharebasic": 0.55,
        "earningspersharediluted": 0.55,
        "weightedaveragenumberofsharesoutstandingbasic": 187000000,
        "weightedaveragenumberofdilutedsharesoutstanding": 190000000
    },
    {
        "date": "2018-01-30",
        "symbol": "KEYS",
        "period": "Q1",
        "profitloss": 94000000,
        "othercomprehensiveincomelossavailableforsalesecuritiesadjustmentnetoftax": -2000000,
        "othercomprehensiveincomeunrealizedgainlossonderivativesarisingduringperiodnetoftax": 2000000,
        "othercomprehensiveincomelossreclassificationadjustmentfromaocionderivativesnetoftax": 2000000,
        "othercomprehensiveincomeforeigncurrencytransactionandtranslationgainlossarisingduringperiodnetoftax": 41000000,
        "othercomprehensiveincomelossreclassificationadjustmentfromaocipensionandotherpostretirementbenefitplansfornetgainlossnetoftax": -10000000,
        "othercomprehensiveincomelossamortizationadjustmentfromaocipensionandotherpostretirementbenefitplansfornetpriorservicecostcreditnetoftax": -4000000,
        "othercomprehensiveincomelossnetoftax": 45000000,
        "comprehensiveincomenetoftaxincludingportionattributabletononcontrollinginterest": 139000000,
        "othercomprehensiveincomedefinedbenefitplansnetunamortizedgainlossarisingduringperiodtax": 3000000,
        "othercomprehensiveincomelossamortizationadjustmentfromaocipensionandotherpostretirementbenefitplansfornetpriorservicecostcredittax": 1000000,
        "salesrevenuegoodsnet": 684000000,
        "salesrevenueservicesnet": 153000000,
        "salesrevenuenet": 106000000,
        "costofgoodssold": 337000000,
        "costofservices": 73000000,
        "costofrevenue": 410000000,
        "researchanddevelopmentexpense": 146000000,
        "sellinggeneralandadministrativeexpense": 289000000,
        "otheroperatingincomeexpensenet": 3000000,
        "costsandexpenses": 842000000,
        "operatingincomeloss": -5000000,
        "investmentincomeinterest": 3000000,
        "interestexpense": 22000000,
        "othernonoperatingincomeexpense": 1000000,
        "incomelossfromcontinuingoperationsbeforeincometaxesminorityinterestandincomelossfromequitymethodinvestments": -23000000,
        "incometaxexpensebenefit": -117000000,
        "earningspersharebasic": 0.5,
        "earningspersharediluted": 0.5,
        "weightedaveragenumberofsharesoutstandingbasic": 187000000,
        "weightedaveragenumberofdilutedsharesoutstanding": 189000000
    },
    {
        "date": "2017-01-30",
        "symbol": "KEYS",
        "period": "Q1",
        "profitloss": 109000000,
        "othercomprehensiveincomelossavailableforsalesecuritiesadjustmentnetoftax": 4000000,
        "othercomprehensiveincomeunrealizedgainlossonderivativesarisingduringperiodnetoftax": 2000000,
        "othercomprehensiveincomelossreclassificationadjustmentfromaocionderivativesnetoftax": -1000000,
        "othercomprehensiveincomeforeigncurrencytransactionandtranslationgainlossarisingduringperiodnetoftax": -24000000,
        "othercomprehensiveincomelossreclassificationadjustmentfromaocipensionandotherpostretirementbenefitplansfornetgainlossnetoftax": -28000000,
        "othercomprehensiveincomelossamortizationadjustmentfromaocipensionandotherpostretirementbenefitplansfornetpriorservicecostcreditnetoftax": -4000000,
        "othercomprehensiveincomelossnetoftax": 7000000,
        "comprehensiveincomenetoftaxincludingportionattributabletononcontrollinginterest": 116000000,
        "othercomprehensiveincomelossavailableforsalesecuritiestax": -1000000,
        "othercomprehensiveincomeunrealizedgainlossonderivativesarisingduringperiodtax": -1000000,
        "othercomprehensiveincomedefinedbenefitplansnetunamortizedgainlossarisingduringperiodtax": 13000000,
        "othercomprehensiveincomelossamortizationadjustmentfromaocipensionandotherpostretirementbenefitplansfornetpriorservicecostcredittax": 2000000,
        "salesrevenuegoodsnet": 606000000,
        "salesrevenueservicesnet": 120000000,
        "salesrevenuenet": 100000000,
        "costofgoodssold": 255000000,
        "costofservices": 67000000,
        "costofrevenue": 322000000,
        "researchanddevelopmentexpense": 108000000,
        "sellinggeneralandadministrativeexpense": 213000000,
        "otheroperatingincomeexpensenet": 79000000,
        "costsandexpenses": 564000000,
        "operatingincomeloss": 162000000,
        "investmentincomeinterest": 1000000,
        "interestexpense": 12000000,
        "othernonoperatingincomeexpense": 1000000,
        "incomelossfromcontinuingoperationsbeforeincometaxesminorityinterestandincomelossfromequitymethodinvestments": 152000000,
        "incometaxexpensebenefit": 43000000,
        "earningspersharebasic": 0.64,
        "earningspersharediluted": 0.63,
        "weightedaveragenumberofsharesoutstandingbasic": 171000000,
        "weightedaveragenumberofdilutedsharesoutstanding": 173000000
    },
    {
        "date": "2016-07-30",
        "symbol": "KEYS",
        "period": "Q3",
        "profitloss": -1000000,
        "othercomprehensiveincomelossavailableforsalesecuritiesadjustmentnetoftax": 2000000,
        "othercomprehensiveincomeunrealizedgainlossonderivativesarisingduringperiodnetoftax": -3000000,
        "othercomprehensiveincomelossreclassificationadjustmentfromaocionderivativesnetoftax": -1000000,
        "othercomprehensiveincomeforeigncurrencytransactionandtranslationgainlossarisingduringperiodnetoftax": -1000000,
        "othercomprehensiveincomelossreclassificationadjustmentfromaocipensionandotherpostretirementbenefitplansfornetgainlossnetoftax": -9000000,
        "othercomprehensiveincomelossamortizationadjustmentfromaocipensionandotherpostretirementbenefitplansfornetpriorservicecostcreditnetoftax": -4000000,
        "othercomprehensiveincomelossnetoftax": 4000000,
        "comprehensiveincomenetoftaxincludingportionattributabletononcontrollinginterest": 95000000,
        "othercomprehensiveincomelossavailableforsalesecuritiestax": 1000000,
        "othercomprehensiveincomeunrealizedgainlossonderivativesarisingduringperiodtax": 2000000,
        "othercomprehensiveincomelossreclassificationadjustmentfromaocionderivativestax": 1000000,
        "othercomprehensiveincomedefinedbenefitplansnetunamortizedgainlossarisingduringperiodtax": 5000000,
        "othercomprehensiveincomelossamortizationadjustmentfromaocipensionandotherpostretirementbenefitplansfornetpriorservicecostcredittax": 2000000,
        "salesrevenuegoodsnet": 591000000,
        "salesrevenueservicesnet": 124000000,
        "salesrevenuenet": 103000000,
        "costofgoodssold": -2000000,
        "costofservices": 63000000,
        "costofrevenue": 309000000,
        "researchanddevelopmentexpense": 104000000,
        "sellinggeneralandadministrativeexpense": 200000000,
        "otheroperatingincomeexpensenet": 4000000,
        "costsandexpenses": 609000000,
        "operatingincomeloss": 19000000,
        "investmentincomeinterest": 1000000,
        "interestexpense": 11000000,
        "othernonoperatingincomeexpense": 1000000,
        "incomelossfromcontinuingoperationsbeforeincometaxesminorityinterestandincomelossfromequitymethodinvestments": -14000000,
        "incometaxexpensebenefit": -1000000,
        "earningspersharebasic": 0.54,
        "earningspersharediluted": 0.53,
        "weightedaveragenumberofsharesoutstandingbasic": 170000000,
        "weightedaveragenumberofdilutedsharesoutstanding": 172000000
    },
    {
        "date": "2016-01-30",
        "symbol": "KEYS",
        "period": "Q1",
        "profitloss": 64000000,
        "othercomprehensiveincomelossavailableforsalesecuritiesadjustmentnetoftax": -6000000,
        "othercomprehensiveincomeunrealizedgainlossonderivativesarisingduringperiodnetoftax": 1000000,
        "othercomprehensiveincomereclassificationadjustmentderivativesincludedinnetincomenettax": -3000000,
        "othercomprehensiveincomeforeigncurrencytransactionandtranslationgainlossarisingduringperiodnetoftax": -25000000,
        "othercomprehensiveincomedefinedbenefitplansnetunamortizedgainlossarisingduringperiodnetoftax": 12000000,
        "othercomprehensiveincomedefinedbenefitplannetpriorservicecostscreditarisingduringperiodnetoftax": 3000000,
        "othercomprehensiveincomelossnetoftax": -18000000,
        "comprehensiveincomenetoftaxincludingportionattributabletononcontrollinginterest": 46000000,
        "othercomprehensiveincomelossavailableforsalesecuritiestax": 1000000,
        "othercomprehensiveincomeunrealizedgainlossonderivativesarisingduringperiodtax": -1000000,
        "othercomprehensiveincomelossreclassificationadjustmentfromaocionderivativestax": 1000000,
        "othercomprehensiveincomedefinedbenefitplansnetunamortizedgainlossarisingduringperiodtax": 6000000,
        "othercomprehensiveincomelossamortizationadjustmentfromaocipensionandotherpostretirementbenefitplansfornetpriorservicecostcredittax": 3000000,
        "salesrevenuegoodsnet": 601000000,
        "servicesandother": 120000000,
        "salesrevenuenet": 721000000,
        "costofgoodssold": 260000000,
        "costofservicesandother": 69000000,
        "costofrevenue": 329000000,
        "researchanddevelopmentexpense": 108000000,
        "sellinggeneralandadministrativeexpense": 200000000,
        "otheroperatingincomeexpensenet": 14000000,
        "costsandexpenses": 623000000,
        "operatingincomeloss": 129000000,
        "investmentincomeinterest": 1000000,
        "interestexpense": 12000000,
        "othernonoperatingincomeexpense": -3000000,
        "incomelossfromcontinuingoperationsbeforeincometaxesminorityinterestandincomelossfromequitymethodinvestments": 84000000,
        "incometaxexpensebenefit": 20000000,
        "earningspersharebasic": 0.37,
        "earningspersharediluted": 0.37,
        "weightedaveragenumberofsharesoutstandingbasic": 171000000,
        "weightedaveragenumberofdilutedsharesoutstanding": 172000000
    },
    {
        "date": "2015-04-29",
        "symbol": "KEYS",
        "period": "Q2",
        "profitloss": 96000000,
        "othercomprehensiveincomelossavailableforsalesecuritiesadjustmentnetoftax": 8000000,
        "othercomprehensiveincomeunrealizedgainlossonderivativesarisingduringperiodnetoftax": 2000000,
        "othercomprehensiveincomereclassificationadjustmentderivativesincludedinnetincomenettax": 1000000,
        "othercomprehensiveincomeforeigncurrencytransactionandtranslationgainlossarisingduringperiodnetoftax": -1000000,
        "othercomprehensiveincomedefinedbenefitplansnetunamortizedgainlossarisingduringperiodnetoftax": 8000000,
        "othercomprehensiveincomedefinedbenefitplannetpriorservicecostscreditarisingduringperiodnetoftax": 4000000,
        "othercomprehensiveincomelossnetoftax": 12000000,
        "comprehensiveincomenetoftaxincludingportionattributabletononcontrollinginterest": 108000000,
        "othercomprehensiveincomelossavailableforsalesecuritiestax": -1000000,
        "othercomprehensiveincomeunrealizedgainlossonderivativesarisingduringperiodtax": -1000000,
        "othercomprehensiveincomedefinedbenefitplansnetunamortizedgainlossarisingduringperiodtax": -3000000,
        "othercomprehensiveincomelossamortizationadjustmentfromaocipensionandotherpostretirementbenefitplansfornetpriorservicecostcredittax": 3000000,
        "salesrevenuegoodsnet": 630000000,
        "servicesandother": 110000000,
        "salesrevenuenet": 638000000,
        "costofgoodssold": 264000000,
        "costofservicesandother": 60000000,
        "costofrevenue": 324000000,
        "researchanddevelopmentexpense": 96000000,
        "sellinggeneralandadministrativeexpense": 192000000,
        "costsandexpenses": 612000000,
        "operatingincomeloss": 150000000,
        "investmentincomeinterest": 1000000,
        "interestexpense": 11000000,
        "othernonoperatingincomeexpense": 4000000,
        "incomelossfromcontinuingoperationsbeforeincometaxesminorityinterestandincomelossfromequitymethodinvestments": 122000000,
        "incometaxexpensebenefit": 26000000,
        "earningspersharebasic": 0.57,
        "earningspersharediluted": 0.56,
        "weightedaveragenumberofsharesoutstandingbasic": 169000000,
        "weightedaveragenumberofdilutedsharesoutstanding": 171000000
    },
    {
        "date": "2015-01-30",
        "symbol": "KEYS",
        "period": "Q1",
        "profitloss": 70000000,
        "othercomprehensiveincomeunrealizedgainlossonderivativesarisingduringperiodnetoftax": -3000000,
        "othercomprehensiveincomereclassificationadjustmentderivativesincludedinnetincomenettax": 1000000,
        "othercomprehensiveincomeforeigncurrencytransactionandtranslationgainlossarisingduringperiodnetoftax": -33000000,
        "othercomprehensiveincomedefinedbenefitplansnetunamortizedgainlossarisingduringperiodnetoftax": 8000000,
        "othercomprehensiveincomedefinedbenefitplannetpriorservicecostscreditarisingduringperiodnetoftax": 4000000,
        "othercomprehensiveincomelossnetoftax": -33000000,
        "comprehensiveincomenetoftaxincludingportionattributabletononcontrollinginterest": 37000000,
        "othercomprehensiveincomeunrealizedgainlossonderivativesarisingduringperiodtax": 2000000,
        "othercomprehensiveincomedefinedbenefitplansnetunamortizedgainlossarisingduringperiodtax": 3000000,
        "othercomprehensiveincomelossamortizationadjustmentfromaocipensionandotherpostretirementbenefitplansfornetpriorservicecostcredittax": 3000000,
        "salesrevenuegoodsnet": 596000000,
        "servicesandother": 105000000,
        "salesrevenuenet": 606000000,
        "costofgoodssold": 260000000,
        "costofservicesandother": 58000000,
        "costofrevenue": 318000000,
        "researchanddevelopmentexpense": 96000000,
        "sellinggeneralandadministrativeexpense": 206000000,
        "costsandexpenses": 620000000,
        "operatingincomeloss": 107000000,
        "interestexpense": 12000000,
        "othernonoperatingincomeexpense": 9000000,
        "incomelossfromcontinuingoperationsbeforeincometaxesminorityinterestandincomelossfromequitymethodinvestments": 78000000,
        "incometaxexpensebenefit": 8000000,
        "earningspersharebasic": 0.42,
        "earningspersharediluted": 0.41,
        "weightedaveragenumberofsharesoutstandingbasic": 168000000,
        "weightedaveragenumberofdilutedsharesoutstanding": 170000000
    }
]