[
    {
        "date": "2024-09-26",
        "symbol": "WDC",
        "period": "Q1",
        "revenuefromcontractwithcustomerexcludingassessedtax": 4095000000,
        "costofgoodsandservicessold": 2544000000,
        "grossprofit": 1551000000,
        "researchanddevelopmentexpenseexcludingacquiredinprocesscost": 519000000,
        "sellinggeneralandadministrativeexpense": 242000000,
        "litigationsettlementloss": 3000000,
        "employeeterminationassetimpairmentandothercharges": 2000000,
        "businessseparationcosts": 43000000,
        "operatingexpenses": -24000000,
        "operatingincomeloss": 742000000,
        "investmentincomeinterest": 9000000,
        "interestexpensenonoperating": 99000000,
        "othernonoperatingincomeexpense": -24000000,
        "nonoperatingincomeexpense": -114000000,
        "incomelossfromcontinuingoperationsbeforeincometaxesextraordinaryitemsnoncontrollinginterest": 628000000,
        "incometaxexpensebenefit": 135000000,
        "netincomeloss": 493000000,
        "preferredstockdividendsincomestatementimpact": 4000000,
        "undistributedearningslossallocatedtoparticipatingsecuritiesbasic": 8000000,
        "netincomelossavailabletocommonstockholdersbasic": 481000000,
        "earningspersharebasic": 1.4,
        "earningspersharediluted": 1.35,
        "weightedaveragenumberofsharesoutstandingbasic": 344000000,
        "weightedaveragenumberofdilutedsharesoutstanding": 357000000,
        "othercomprehensiveincomelossforeigncurrencytransactionandtranslationadjustmentbeforetax": 121000000,
        "othercomprehensiveincomelosscashflowhedgegainlossandavailableforsalesecuritiesadjustmentbeforereclassificationadjustmentsandtax": 243000000,
        "othercomprehensiveincomelossbeforetaxportionattributabletoparent": 364000000,
        "othercomprehensiveincomelosstaxportionattributabletoparent1": 52000000,
        "othercomprehensiveincomelossnetoftaxportionattributabletoparent": 312000000,
        "comprehensiveincomenetoftax": 805000000
    },
    {
        "date": "2024-06-27",
        "symbol": "WDC",
        "period": "Q4",
        "revenuefromcontractwithcustomerexcludingassessedtax": 3764000000,
        "costofgoodsandservicessold": 2411000000,
        "grossprofit": 1353000000,
        "researchanddevelopmentexpenseexcludingacquiredinprocesscost": 538000000,
        "sellinggeneralandadministrativeexpense": 220000000,
        "restructuringincurredcoststatementofincomeorcomprehensiveincomeextensibleenumeration": "http://www.wdc.com/20240628#EmployeeTerminationAssetImpairmentAndOtherCharges",
        "employeeterminationassetimpairmentandothercharges": 50000000,
        "operatingexpenses": 1137000000,
        "operatingincomeloss": 216000000,
        "investmentincomeinterest": 9000000,
        "othernonoperatingincomeexpense": -20000000,
        "nonoperatingincomeexpense": -114000000,
        "incomelossfromcontinuingoperationsbeforeincometaxesextraordinaryitemsnoncontrollinginterest": 102000000,
        "incometaxexpensebenefit": 63000000,
        "netincomeloss": 39000000,
        "preferredstockdividendsincomestatementimpact": 10000000,
        "netincomelossavailabletocommonstockholdersbasic": 36000000,
        "earningspersharebasic": 0.14000000000000012,
        "earningspersharediluted": 0.15000000000000036,
        "weightedaveragenumberofsharesoutstandingbasic": 326000000,
        "weightedaveragenumberofdilutedsharesoutstanding": 326000000,
        "othercomprehensiveincomelossforeigncurrencytransactionandtranslationadjustmentbeforetax": -60000000,
        "othercomprehensiveincomelossbeforetaxportionattributabletoparent": -79000000,
        "othercomprehensiveincomelosstaxportionattributabletoparent1": -3000000,
        "othercomprehensiveincomelossnetoftaxportionattributabletoparent": -76000000,
        "comprehensiveincomenetoftax": -37000000
    },
    {
        "date": "2024-03-28",
        "symbol": "WDC",
        "period": "Q3",
        "revenuefromcontractwithcustomerexcludingassessedtax": 3457000000,
        "costofgoodsandservicessold": 2456000000,
        "grossprofit": 1001000000,
        "researchanddevelopmentexpenseexcludingacquiredinprocesscost": 494000000,
        "sellinggeneralandadministrativeexpense": 203000000,
        "employeeterminationassetimpairmentandothercharges": 8000000,
        "businessseparationcosts": 23000000,
        "operatingexpenses": 728000000,
        "operatingincomeloss": 273000000,
        "investmentincomeinterest": 10000000,
        "interestexpense": 108000000,
        "othernonoperatingincomeexpense": 3000000,
        "nonoperatingincomeexpense": -95000000,
        "incomelossfromcontinuingoperationsbeforeincometaxesextraordinaryitemsnoncontrollinginterest": 178000000,
        "incometaxexpensebenefit": 43000000,
        "netincomeloss": 135000000,
        "preferredstockdividendsincomestatementimpact": 15000000,
        "undistributedearningslossallocatedtoparticipatingsecuritiesbasic": 7000000,
        "netincomelossavailabletocommonstockholdersbasic": 113000000,
        "earningspersharebasic": 0.35,
        "earningspersharediluted": 0.34,
        "weightedaveragenumberofsharesoutstandingbasic": 326000000,
        "weightedaveragenumberofdilutedsharesoutstanding": 335000000,
        "othercomprehensiveincomelossforeigncurrencytransactionandtranslationadjustmentbeforetax": -75000000,
        "othercomprehensiveincomelosscashflowhedgegainlossandavailableforsalesecuritiesadjustmentbeforereclassificationadjustmentsandtax": -86000000,
        "othercomprehensiveincomelossbeforetaxportionattributabletoparent": -161000000,
        "othercomprehensiveincomelosstaxportionattributabletoparent1": -18000000,
        "othercomprehensiveincomelossnetoftaxportionattributabletoparent": -143000000,
        "comprehensiveincomenetoftax": -8000000
    },
    {
        "date": "2023-12-28",
        "symbol": "WDC",
        "period": "Q2",
        "revenuefromcontractwithcustomerexcludingassessedtax": 3032000000,
        "costofgoodsandservicessold": 2540000000,
        "grossprofit": 492000000,
        "researchanddevelopmentexpenseexcludingacquiredinprocesscost": 444000000,
        "sellinggeneralandadministrativeexpense": 198000000,
        "employeeterminationassetimpairmentandothercharges": 24000000,
        "businessseparationcosts": 36000000,
        "operatingexpenses": 702000000,
        "operatingincomeloss": -210000000,
        "investmentincomeinterest": 12000000,
        "interestexpense": 108000000,
        "othernonoperatingincomeexpense": 47000000,
        "nonoperatingincomeexpense": -49000000,
        "incomelossfromcontinuingoperationsbeforeincometaxesextraordinaryitemsnoncontrollinginterest": -259000000,
        "incometaxexpensebenefit": 28000000,
        "netincomeloss": -287000000,
        "preferredstockdividendsincomestatementimpact": 14000000,
        "netincomelossavailabletocommonstockholdersbasic": -301000000,
        "earningspersharebasic": -0.93,
        "earningspersharediluted": -0.93,
        "weightedaveragenumberofsharesoutstandingbasic": 325000000,
        "weightedaveragenumberofdilutedsharesoutstanding": 325000000,
        "othercomprehensiveincomelossforeigncurrencytransactionandtranslationadjustmentbeforetax": 58000000,
        "othercomprehensiveincomelosscashflowhedgegainlossandavailableforsalesecuritiesadjustmentbeforereclassificationadjustmentsandtax": 99000000,
        "othercomprehensiveincomelossbeforetaxportionattributabletoparent": 157000000,
        "othercomprehensiveincomelosstaxportionattributabletoparent1": 19000000,
        "othercomprehensiveincomelossnetoftaxportionattributabletoparent": 138000000,
        "comprehensiveincomenetoftax": -149000000
    },
    {
        "date": "2023-09-28",
        "symbol": "WDC",
        "period": "Q1",
        "revenuefromcontractwithcustomerexcludingassessedtax": 2750000000,
        "costofgoodsandservicessold": 2651000000,
        "grossprofit": 99000000,
        "researchanddevelopmentexpenseexcludingacquiredinprocesscost": 431000000,
        "sellinggeneralandadministrativeexpense": 207000000,
        "employeeterminationassetimpairmentandothercharges": 57000000,
        "operatingexpenses": 695000000,
        "operatingincomeloss": -596000000,
        "investmentincomeinterest": 8000000,
        "interestexpense": 98000000,
        "othernonoperatingincomeexpense": 4000000,
        "nonoperatingincomeexpense": -86000000,
        "incomelossfromcontinuingoperationsbeforeincometaxesextraordinaryitemsnoncontrollinginterest": -682000000,
        "incometaxexpensebenefit": 3000000,
        "netincomeloss": -685000000,
        "preferredstockdividendsincomestatementimpact": 15000000,
        "netincomelossavailabletocommonstockholdersbasic": -700000000,
        "earningspersharebasic": -2.17,
        "earningspersharediluted": -2.17,
        "weightedaveragenumberofsharesoutstandingbasic": 323000000,
        "weightedaveragenumberofdilutedsharesoutstanding": 323000000,
        "othercomprehensiveincomelossforeigncurrencytransactionandtranslationadjustmentbeforetax": -38000000,
        "othercomprehensiveincomelosscashflowhedgegainlossandavailableforsalesecuritiesadjustmentbeforereclassificationadjustmentsandtax": -58000000,
        "othercomprehensiveincomelossbeforetaxportionattributabletoparent": -96000000,
        "othercomprehensiveincomelosstaxportionattributabletoparent1": -13000000,
        "othercomprehensiveincomelossnetoftaxportionattributabletoparent": -83000000,
        "comprehensiveincomenetoftax": -768000000
    },
    {
        "date": "2023-06-29",
        "symbol": "WDC",
        "period": "Q4",
        "revenuefromcontractwithcustomerexcludingassessedtax": -1303000000,
        "costofgoodsandservicessold": 2580000000,
        "grossprofit": -1885000000,
        "researchanddevelopmentexpenseexcludingacquiredinprocesscost": 458000000,
        "sellinggeneralandadministrativeexpense": 231000000,
        "employeeterminationassetimpairmentandothercharges": 53000000,
        "operatingexpenses": 3211000000,
        "operatingincomeloss": -650000000,
        "investmentincomeinterest": 9000000,
        "interestexpense": 89000000,
        "othernonoperatingincomeexpense": 0,
        "nonoperatingincomeexpense": -80000000,
        "incomelossfromcontinuingoperationsbeforeincometaxesextraordinaryitemsnoncontrollinginterest": -730000000,
        "incometaxexpensebenefit": -15000000,
        "netincomeloss": -715000000,
        "earningspersharebasic": -2.31,
        "earningspersharediluted": -2.3000000000000003,
        "weightedaveragenumberofsharesoutstandingbasic": -635000000,
        "weightedaveragenumberofdilutedsharesoutstanding": -638000000,
        "othercomprehensiveincomelossforeigncurrencytransactionandtranslationadjustmentbeforetax": -89000000,
        "othercomprehensiveincomelosscashflowhedgegainlossandavailableforsalesecuritiesadjustmentbeforereclassificationadjustmentsandtax": -95000000,
        "othercomprehensiveincomelossbeforetaxportionattributabletoparent": -171000000,
        "othercomprehensiveincomelosstaxportionattributabletoparent1": -19000000,
        "othercomprehensiveincomelossnetoftaxportionattributabletoparent": -163000000,
        "comprehensiveincomenetoftax": -869000000
    },
    {
        "date": "2023-03-30",
        "symbol": "WDC",
        "period": "Q3",
        "revenuefromcontractwithcustomerexcludingassessedtax": 515000000,
        "costofgoodsandservicessold": 2517000000,
        "grossprofit": 298000000,
        "researchanddevelopmentexpenseexcludingacquiredinprocesscost": 476000000,
        "sellinggeneralandadministrativeexpense": 242000000,
        "employeeterminationassetimpairmentandothercharges": 40000000,
        "operatingexpenses": -12000000,
        "operatingincomeloss": -472000000,
        "investmentincomeinterest": 10000000,
        "interestexpense": 80000000,
        "othernonoperatingincomeexpense": 13000000,
        "nonoperatingincomeexpense": -57000000,
        "incomelossfromcontinuingoperationsbeforeincometaxesextraordinaryitemsnoncontrollinginterest": -529000000,
        "incometaxexpensebenefit": 43000000,
        "netincomeloss": -572000000,
        "preferredstockdividendsincomestatementimpact": 9000000,
        "netincomelossavailabletocommonstockholdersbasic": -581000000,
        "earningspersharebasic": -1.82,
        "earningspersharediluted": -1.82,
        "weightedaveragenumberofsharesoutstandingbasic": 319000000,
        "weightedaveragenumberofdilutedsharesoutstanding": 319000000,
        "othercomprehensiveincomelosspensionandotherpostretirementbenefitplansadjustmentbeforetax": 1000000,
        "othercomprehensiveincomelossforeigncurrencytransactionandtranslationadjustmentbeforetax": -7000000,
        "othercomprehensiveincomelosscashflowhedgegainlossandavailableforsalesecuritiesadjustmentbeforereclassificationadjustmentsandtax": 21000000,
        "othercomprehensiveincomelossbeforetaxportionattributabletoparent": 13000000,
        "othercomprehensiveincomelosstaxportionattributabletoparent1": 6000000,
        "othercomprehensiveincomelossnetoftaxportionattributabletoparent": 7000000,
        "comprehensiveincomenetoftax": -565000000
    },
    {
        "date": "2022-12-29",
        "symbol": "WDC",
        "period": "Q2",
        "revenuefromcontractwithcustomerexcludingassessedtax": 523000000,
        "costofgoodsandservicessold": 2579000000,
        "grossprofit": 540000000,
        "researchanddevelopmentexpenseexcludingacquiredinprocesscost": 523000000,
        "sellinggeneralandadministrativeexpense": 250000000,
        "employeeterminationassetimpairmentandothercharges": 76000000,
        "operatingexpenses": -12000000,
        "operatingincomeloss": -321000000,
        "investmentincomeinterest": 3000000,
        "interestexpense": 73000000,
        "othernonoperatingincomeexpense": 6000000,
        "nonoperatingincomeexpense": -64000000,
        "incomelossfromcontinuingoperationsbeforeincometaxesextraordinaryitemsnoncontrollinginterest": -385000000,
        "incometaxexpensebenefit": 61000000,
        "netincomeloss": -446000000,
        "earningspersharebasic": -1.4,
        "earningspersharediluted": -1.4,
        "weightedaveragenumberofsharesoutstandingbasic": 318000000,
        "weightedaveragenumberofdilutedsharesoutstanding": 318000000,
        "othercomprehensiveincomelossforeigncurrencytransactionandtranslationadjustmentbeforetax": 95000000,
        "othercomprehensiveincomelosscashflowhedgegainlossandavailableforsalesecuritiesadjustmentbeforereclassificationadjustmentsandtax": 288000000,
        "othercomprehensiveincomelossbeforetaxportionattributabletoparent": 383000000,
        "othercomprehensiveincomelosstaxportionattributabletoparent1": 58000000,
        "othercomprehensiveincomelossnetoftaxportionattributabletoparent": 325000000,
        "comprehensiveincomenetoftax": -121000000
    },
    {
        "date": "2022-09-29",
        "symbol": "WDC",
        "period": "Q1",
        "revenuefromcontractwithcustomerexcludingassessedtax": 627000000,
        "costofgoodsandservicessold": 2755000000,
        "grossprofit": 996000000,
        "researchanddevelopmentexpenseexcludingacquiredinprocesscost": 552000000,
        "sellinggeneralandadministrativeexpense": 247000000,
        "employeeterminationassetimpairmentandothercharges": 24000000,
        "operatingexpenses": -15000000,
        "operatingincomeloss": 158000000,
        "investmentincomeinterest": 2000000,
        "interestexpense": 70000000,
        "othernonoperatingincomeexpense": -6000000,
        "nonoperatingincomeexpense": -74000000,
        "incomelossfromcontinuingoperationsbeforeincometaxesextraordinaryitemsnoncontrollinginterest": 84000000,
        "incometaxexpensebenefit": 57000000,
        "netincomeloss": 27000000,
        "earningspersharebasic": 0.09,
        "earningspersharediluted": 0.08,
        "weightedaveragenumberofsharesoutstandingbasic": 316000000,
        "weightedaveragenumberofdilutedsharesoutstanding": 319000000,
        "othercomprehensiveincomelossforeigncurrencytransactionandtranslationadjustmentbeforetax": -80000000,
        "othercomprehensiveincomelosscashflowhedgegainlossandavailableforsalesecuritiesadjustmentbeforereclassificationadjustmentsandtax": -76000000,
        "othercomprehensiveincomelossbeforetaxportionattributabletoparent": -156000000,
        "othercomprehensiveincomelosstaxportionattributabletoparent1": -16000000,
        "othercomprehensiveincomelossnetoftaxportionattributabletoparent": -60000000,
        "comprehensiveincomenetoftax": -113000000
    },
    {
        "date": "2022-06-30",
        "symbol": "WDC",
        "period": "Q4",
        "revenuefromcontractwithcustomerexcludingassessedtax": -5433000000,
        "costofgoodsandservicessold": 3083000000,
        "grossprofit": 1462000000,
        "researchanddevelopmentexpenseexcludingacquiredinprocesscost": 598000000,
        "sellinggeneralandadministrativeexpense": 266000000,
        "employeeterminationassetimpairmentandothercharges": 19000000,
        "operatingexpenses": -17000000,
        "operatingincomeloss": 562000000,
        "investmentincomeinterest": 2000000,
        "interestexpense": 75000000,
        "othernonoperatingincomeexpense": 22000000,
        "nonoperatingincomeexpense": -51000000,
        "incomelossfromcontinuingoperationsbeforeincometaxesextraordinaryitemsnoncontrollinginterest": 511000000,
        "incometaxexpensebenefit": 210000000,
        "netincomeloss": 301000000,
        "earningspersharebasic": 0.9599999999999997,
        "earningspersharediluted": 0.9400000000000002,
        "weightedaveragenumberofsharesoutstandingbasic": -312000000,
        "weightedaveragenumberofdilutedsharesoutstanding": -315000000,
        "othercomprehensiveincomelossforeigncurrencytransactionandtranslationadjustmentbeforetax": -116000000
    },
    {
        "date": "2022-03-31",
        "symbol": "WDC",
        "period": "Q3",
        "revenuefromcontractwithcustomerexcludingassessedtax": 604000000,
        "costofgoodsandservicessold": 3200000000,
        "grossprofit": 1390000000,
        "researchanddevelopmentexpenseexcludingacquiredinprocesscost": 572000000,
        "sellinggeneralandadministrativeexpense": 281000000,
        "employeeterminationassetimpairmentandothercharges": 4000000,
        "operatingexpenses": -209000000,
        "operatingincomeloss": 324000000,
        "investmentincomeinterest": 1000000,
        "interestexpense": 75000000,
        "othernonoperatingincomeexpense": 12000000,
        "nonoperatingincomeexpense": -62000000,
        "incomelossfromcontinuingoperationsbeforeincometaxesextraordinaryitemsnoncontrollinginterest": 262000000,
        "incometaxexpensebenefit": 237000000,
        "netincomeloss": 25000000,
        "earningspersharebasic": 0.08,
        "earningspersharediluted": 0.08,
        "weightedaveragenumberofsharesoutstandingbasic": 313000000,
        "weightedaveragenumberofdilutedsharesoutstanding": 316000000,
        "othercomprehensiveincomelosspensionandotherpostretirementbenefitplansadjustmentbeforetax": -1000000,
        "othercomprehensiveincomelossforeigncurrencytransactionandtranslationadjustmentbeforetax": -82000000,
        "othercomprehensiveincomelosscashflowhedgegainlossandavailableforsalesecuritiesadjustmentbeforereclassificationadjustmentsandtax": -74000000,
        "othercomprehensiveincomelossbeforetaxportionattributabletoparent": -155000000,
        "othercomprehensiveincomelosstaxportionattributabletoparent1": -15000000,
        "othercomprehensiveincomelossnetoftaxportionattributabletoparent": -140000000,
        "comprehensiveincomenetoftax": -115000000
    },
    {
        "date": "2021-12-30",
        "symbol": "WDC",
        "period": "Q2",
        "revenuefromcontractwithcustomerexcludingassessedtax": 2610000000,
        "costofgoodsandservicessold": 3250000000,
        "grossprofit": 1623000000,
        "researchanddevelopmentexpenseexcludingacquiredinprocesscost": 575000000,
        "sellinggeneralandadministrativeexpense": 279000000,
        "employeeterminationassetimpairmentandothercharges": 2000000,
        "operatingexpenses": -40000000,
        "operatingincomeloss": 727000000,
        "investmentincomeinterest": 1000000,
        "interestexpense": 76000000,
        "othernonoperatingincomeexpense": -6000000,
        "nonoperatingincomeexpense": -81000000,
        "incomelossfromcontinuingoperationsbeforeincometaxesextraordinaryitemsnoncontrollinginterest": 646000000,
        "incometaxexpensebenefit": 82000000,
        "netincomeloss": 564000000,
        "earningspersharebasic": 1.8,
        "earningspersharediluted": 1.8,
        "weightedaveragenumberofsharesoutstandingbasic": 1000000,
        "weightedaveragenumberofdilutedsharesoutstanding": -1000000,
        "othercomprehensiveincomelosspensionandotherpostretirementbenefitplansadjustmentbeforetax": 0,
        "othercomprehensiveincomelossforeigncurrencytransactionandtranslationadjustmentbeforetax": -45000000,
        "othercomprehensiveincomelosscashflowhedgegainlossandavailableforsalesecuritiesadjustmentbeforereclassificationadjustmentsandtax": -10000000,
        "othercomprehensiveincomelossbeforetaxportionattributabletoparent": -55000000,
        "othercomprehensiveincomelosstaxportionattributabletoparent1": -5000000,
        "othercomprehensiveincomelossnetoftaxportionattributabletoparent": -5000000,
        "comprehensiveincomenetoftax": 514000000
    },
    {
        "date": "2021-09-30",
        "symbol": "WDC",
        "period": "Q1",
        "revenuefromcontractwithcustomerexcludingassessedtax": 2675000000,
        "costofgoodsandservicessold": 3386000000,
        "grossprofit": 1713000000,
        "researchanddevelopmentexpenseexcludingacquiredinprocesscost": 578000000,
        "sellinggeneralandadministrativeexpense": 291000000,
        "employeeterminationassetimpairmentandothercharges": 18000000,
        "operatingexpenses": -48000000,
        "operatingincomeloss": 778000000,
        "investmentincomeinterest": 2000000,
        "interestexpense": 78000000,
        "othernonoperatingincomeexpense": 2000000,
        "nonoperatingincomeexpense": -74000000,
        "incomelossfromcontinuingoperationsbeforeincometaxesextraordinaryitemsnoncontrollinginterest": 704000000,
        "incometaxexpensebenefit": 94000000,
        "netincomeloss": 610000000,
        "earningspersharebasic": 1.97,
        "earningspersharediluted": 1.93,
        "weightedaveragenumberofsharesoutstandingbasic": 310000000,
        "weightedaveragenumberofdilutedsharesoutstanding": 316000000,
        "othercomprehensiveincomelosspensionandotherpostretirementbenefitplansadjustmentbeforetax": -1000000,
        "othercomprehensiveincomelossforeigncurrencytransactionandtranslationadjustmentbeforetax": 4000000,
        "othercomprehensiveincomelosscashflowhedgegainlossandavailableforsalesecuritiesadjustmentbeforereclassificationadjustmentsandtax": 33000000,
        "othercomprehensiveincomelossbeforetaxportionattributabletoparent": 38000000,
        "othercomprehensiveincomelosstaxportionattributabletoparent1": 8000000,
        "othercomprehensiveincomelossnetoftaxportionattributabletoparent": 25000000,
        "comprehensiveincomenetoftax": 640000000
    },
    {
        "date": "2021-07-01",
        "symbol": "WDC",
        "period": "Q4",
        "revenuefromcontractwithcustomerexcludingassessedtax": -6085000000,
        "costofgoodsandservicessold": 3354000000,
        "grossprofit": 1566000000,
        "researchanddevelopmentexpenseexcludingacquiredinprocesscost": 598000000,
        "sellinggeneralandadministrativeexpense": 297000000,
        "employeeterminationassetimpairmentandothercharges": -4000000,
        "operatingexpenses": 891000000,
        "operatingincomeloss": 675000000,
        "investmentincomeinterest": 1000000,
        "interestexpense": 80000000,
        "othernonoperatingincomeexpense": 0,
        "nonoperatingincomeexpense": -79000000,
        "incomelossfromcontinuingoperationsbeforeincometaxesminorityinterestandincomelossfromequitymethodinvestments": 596000000,
        "incometaxexpensebenefit": -26000000,
        "netincomeloss": 622000000,
        "othercomprehensiveincomelosspensionandotherpostretirementbenefitplansadjustmentbeforetax": -23000000,
        "othercomprehensiveincomelossforeigncurrencytransactionandtranslationadjustmentbeforetax": -7000000
    },
    {
        "date": "2021-04-01",
        "symbol": "WDC",
        "period": "Q3",
        "revenuefromcontractwithcustomerexcludingassessedtax": 2215000000,
        "costofgoodsandservicessold": 3046000000,
        "grossprofit": 1091000000,
        "researchanddevelopmentexpenseexcludingacquiredinprocesscost": 555000000,
        "sellinggeneralandadministrativeexpense": 287000000,
        "employeeterminationassetimpairmentandothercharges": -68000000,
        "operatingexpenses": 774000000,
        "operatingincomeloss": 317000000,
        "investmentincomeinterest": 2000000,
        "interestexpense": 81000000,
        "othernonoperatingincomeexpense": 11000000,
        "nonoperatingincomeexpense": -68000000,
        "incomelossfromcontinuingoperationsbeforeincometaxesminorityinterestandincomelossfromequitymethodinvestments": 249000000,
        "incometaxexpensebenefit": 52000000,
        "netincomeloss": 197000000,
        "earningspersharebasic": 0.64,
        "earningspersharediluted": 0.63,
        "weightedaveragenumberofsharesoutstandingbasic": 306000000,
        "weightedaveragenumberofdilutedsharesoutstanding": 313000000,
        "othercomprehensiveincomelosspensionandotherpostretirementbenefitplansadjustmentbeforetax": -2000000,
        "othercomprehensiveincomelossforeigncurrencytransactionandtranslationadjustmentbeforetax": -95000000,
        "othercomprehensiveincomelosscashflowhedgegainlossandavailableforsalesecuritiesadjustmentbeforereclassificationadjustmentsandtax": -84000000,
        "othercomprehensiveincomelossbeforetaxportionattributabletoparent": -177000000,
        "othercomprehensiveincomelosstaxportionattributabletoparent1": -17000000,
        "othercomprehensiveincomelossnetoftaxportionattributabletoparent": -160000000,
        "comprehensiveincomenetoftax": 37000000
    },
    {
        "date": "2020-12-31",
        "symbol": "WDC",
        "period": "Q2",
        "revenuefromcontractwithcustomerexcludingassessedtax": 2273000000,
        "costofgoodsandservicessold": 2983000000,
        "grossprofit": 960000000,
        "researchanddevelopmentexpenseexcludingacquiredinprocesscost": 535000000,
        "sellinggeneralandadministrativeexpense": 265000000,
        "employeeterminationassetimpairmentandothercharges": 2000000,
        "operatingexpenses": 802000000,
        "operatingincomeloss": 158000000,
        "investmentincomeinterest": 2000000,
        "interestexpense": 81000000,
        "othernonoperatingincomeexpense": 6000000,
        "nonoperatingincomeexpense": -73000000,
        "incomelossfromcontinuingoperationsbeforeincometaxesminorityinterestandincomelossfromequitymethodinvestments": 85000000,
        "incometaxexpensebenefit": 23000000,
        "netincomeloss": 62000000,
        "earningspersharebasic": 0.2,
        "earningspersharediluted": 0.2,
        "weightedaveragenumberofsharesoutstandingbasic": 305000000,
        "weightedaveragenumberofdilutedsharesoutstanding": 307000000,
        "othercomprehensiveincomelosspensionandotherpostretirementbenefitplansadjustmentbeforetax": -1000000,
        "othercomprehensiveincomelossforeigncurrencytransactionandtranslationadjustmentbeforetax": 34000000,
        "othercomprehensiveincomelosscashflowhedgegainlossandavailableforsalesecuritiesadjustmentbeforereclassificationadjustmentsandtax": 20000000,
        "othercomprehensiveincomelossbeforetaxportionattributabletoparent": 55000000,
        "othercomprehensiveincomelosstaxportionattributabletoparent1": 4000000,
        "othercomprehensiveincomelossnetoftaxportionattributabletoparent": 51000000,
        "comprehensiveincomenetoftax": 113000000
    },
    {
        "date": "2020-10-01",
        "symbol": "WDC",
        "period": "Q1",
        "revenuefromcontractwithcustomerexcludingassessedtax": 2214000000,
        "costofgoodsandservicessold": 3018000000,
        "grossprofit": 904000000,
        "researchanddevelopmentexpenseexcludingacquiredinprocesscost": 555000000,
        "sellinggeneralandadministrativeexpense": 256000000,
        "employeeterminationassetimpairmentandothercharges": 23000000,
        "operatingexpenses": 834000000,
        "operatingincomeloss": 70000000,
        "investmentincomeinterest": 2000000,
        "interestexpense": 84000000,
        "othernonoperatingincomeexpense": 9000000,
        "nonoperatingincomeexpense": -73000000,
        "incomelossfromcontinuingoperationsbeforeincometaxesminorityinterestandincomelossfromequitymethodinvestments": -3000000,
        "incometaxexpensebenefit": 57000000,
        "netincomeloss": -60000000,
        "earningspersharebasicanddiluted": -0.2,
        "weightedaveragenumberofshareoutstandingbasicanddiluted": 303000000,
        "othercomprehensiveincomelosspensionandotherpostretirementbenefitplansadjustmentbeforetax": -1000000,
        "othercomprehensiveincomelossforeigncurrencytransactionandtranslationadjustmentbeforetax": 32000000,
        "othercomprehensiveincomeunrealizedgainlossonderivativesarisingduringperiodandavailableforsalesecuritiesadjustmentbeforereclassificationadjustmentsandtax": 30000000,
        "othercomprehensiveincomelossbeforetaxportionattributabletoparent": 63000000,
        "othercomprehensiveincomelosstaxportionattributabletoparent1": 7000000,
        "othercomprehensiveincomelossnetoftaxportionattributabletoparent": 56000000,
        "comprehensiveincomenetoftax": -4000000
    },
    {
        "date": "2020-04-02",
        "symbol": "WDC",
        "period": "Q3",
        "revenuefromcontractwithcustomerexcludingassessedtax": 4175000000,
        "costofgoodsandservicessold": 3170000000,
        "grossprofit": 1005000000,
        "researchanddevelopmentexpenseexcludingacquiredinprocesscost": 563000000,
        "sellinggeneralandadministrativeexpense": 281000000,
        "employeeterminationassetimpairmentandothercharges": 8000000,
        "operatingexpenses": 852000000,
        "operatingincomeloss": 153000000,
        "investmentincomeinterest": 6000000,
        "interestexpense": 99000000,
        "othernonoperatingincomeexpense": -14000000,
        "nonoperatingincomeexpense": -107000000,
        "incomelossfromcontinuingoperationsbeforeincometaxesminorityinterestandincomelossfromequitymethodinvestments": 46000000,
        "incometaxexpensebenefit": 29000000,
        "netincomeloss": 17000000,
        "earningspersharebasic": 0.06,
        "earningspersharediluted": 0.06,
        "weightedaveragenumberofsharesoutstandingbasic": 299000000,
        "weightedaveragenumberofdilutedsharesoutstanding": 303000000,
        "commonstockdividendspersharedeclared": 0.5,
        "othercomprehensiveincomelosspensionandotherpostretirementbenefitplansadjustmentbeforetax": -1000000,
        "othercomprehensiveincomelossforeigncurrencytransactionandtranslationadjustmentbeforetax": -11000000,
        "othercomprehensiveincomeunrealizedgainlossonderivativesarisingduringperiodandavailableforsalesecuritiesadjustmentbeforereclassificationadjustmentsandtax": -76000000,
        "othercomprehensiveincomelossbeforetax": -86000000,
        "othercomprehensiveincomelosstax": -13000000,
        "othercomprehensiveincomelossnetoftax": -73000000,
        "comprehensiveincomenetoftaxincludingportionattributabletononcontrollinginterest": -56000000
    },
    {
        "date": "2020-01-02",
        "symbol": "WDC",
        "period": "Q2",
        "netincomeloss": -139000000,
        "othercomprehensiveincomelosspensionandotherpostretirementbenefitplansadjustmentbeforetax": -2000000,
        "othercomprehensiveincomelossforeigncurrencytransactionandtranslationadjustmentbeforetax": -15000000,
        "othercomprehensiveincomeunrealizedgainlossonderivativesarisingduringperiodandavailableforsalesecuritiesadjustmentbeforereclassificationadjustmentsandtax": -6000000,
        "othercomprehensiveincomelossbeforetax": -19000000,
        "othercomprehensiveincomelosstax": 1000000,
        "othercomprehensiveincomelossnetoftax": -20000000,
        "comprehensiveincomenetoftaxincludingportionattributabletononcontrollinginterest": -159000000,
        "revenuefromcontractwithcustomerexcludingassessedtax": 4234000000,
        "costofgoodsandservicessold": 3299000000,
        "grossprofit": 935000000,
        "researchanddevelopmentexpenseexcludingacquiredinprocesscost": 578000000,
        "sellinggeneralandadministrativeexpense": 298000000,
        "employeeterminationassetimpairmentandothercharges": 9000000,
        "operatingexpenses": 885000000,
        "operatingincomeloss": 50000000,
        "investmentincomeinterest": 8000000,
        "interestexpense": 105000000,
        "othernonoperatingincomeexpense": 7000000,
        "nonoperatingincomeexpense": -90000000,
        "incomelossfromcontinuingoperationsbeforeincometaxesminorityinterestandincomelossfromequitymethodinvestments": -40000000,
        "incometaxexpensebenefit": 99000000,
        "earningspersharebasic": -0.47,
        "earningspersharediluted": -0.47,
        "weightedaveragenumberofsharesoutstandingbasic": 298000000,
        "weightedaveragenumberofdilutedsharesoutstanding": 298000000,
        "commonstockdividendspersharedeclared": 0.5
    },
    {
        "date": "2019-10-03",
        "symbol": "WDC",
        "period": "Q1",
        "netincomeloss": -276000000,
        "othercomprehensiveincomelosspensionandotherpostretirementbenefitplansadjustmentbeforetax": -1000000,
        "othercomprehensiveincomelossforeigncurrencytransactionandtranslationadjustmentbeforetax": 5000000,
        "othercomprehensiveincomeunrealizedgainlossonderivativesarisingduringperiodandavailableforsalesecuritiesadjustmentbeforereclassificationadjustmentsandtax": -33000000,
        "othercomprehensiveincomelossbeforetax": -27000000,
        "othercomprehensiveincomelosstax": -5000000,
        "othercomprehensiveincomelossnetoftax": -22000000,
        "comprehensiveincomenetoftaxincludingportionattributabletononcontrollinginterest": -298000000,
        "revenuefromcontractwithcustomerexcludingassessedtax": 4040000000,
        "costofgoodsandservicessold": 3282000000,
        "grossprofit": 758000000,
        "researchanddevelopmentexpenseexcludingacquiredinprocesscost": 574000000,
        "sellinggeneralandadministrativeexpense": 305000000,
        "employeeterminationassetimpairmentandothercharges": 8000000,
        "operatingexpenses": 887000000,
        "operatingincomeloss": -129000000,
        "investmentincomeinterest": 12000000,
        "interestexpense": 122000000,
        "othernonoperatingincomeexpense": 2000000,
        "nonoperatingincomeexpense": -108000000,
        "incomelossfromcontinuingoperationsbeforeincometaxesminorityinterestandincomelossfromequitymethodinvestments": -237000000,
        "incometaxexpensebenefit": 39000000,
        "earningspersharebasic": -0.93,
        "earningspersharediluted": -0.93,
        "weightedaveragenumberofsharesoutstandingbasic": 296000000,
        "weightedaveragenumberofdilutedsharesoutstanding": 296000000,
        "commonstockdividendspersharedeclared": 0.5
    },
    {
        "date": "2019-06-27",
        "symbol": "WDC",
        "period": "Q4",
        "netincomeloss": -1819000000,
        "othercomprehensiveincomelossforeigncurrencytransactionandtranslationadjustmentbeforetax": 20000000,
        "othercomprehensiveincomeunrealizedgainlossonderivativesarisingduringperiodandavailableforsalesecuritiesadjustmentbeforereclassificationadjustmentsandtax": 5000000,
        "othercomprehensiveincomelossbeforetax": -12000000,
        "othercomprehensiveincomelosstax": -18000000,
        "othercomprehensiveincomelossnetoftax": 6000000,
        "comprehensiveincomenetoftaxincludingportionattributabletononcontrollinginterest": -1813000000,
        "revenuefromcontractwithcustomerexcludingassessedtax": 9951000000,
        "grossprofit": 3758000000,
        "researchanddevelopmentexpenseexcludingacquiredinprocesscost": 1579000000,
        "sellinggeneralandadministrativeexpense": 1315000000,
        "employeeterminationassetimpairmentandothercharges": 104000000,
        "operatingexpenses": 3663000000,
        "operatingincomeloss": 93000000,
        "investmentincomeinterest": 71000000,
        "interestexpense": 483000000,
        "othernonoperatingincomeexpense": 37000000,
        "nonoperatingincomeexpense": -32000000,
        "incomelossfromcontinuingoperationsbeforeincometaxesminorityinterestandincomelossfromequitymethodinvestments": -281000000,
        "incometaxexpensebenefit": 413000000,
        "earningspersharebasic": -0.6700000000000002,
        "earningspersharediluted": -0.6700000000000002,
        "weightedaveragenumberofsharesoutstandingbasic": 1000000,
        "weightedaveragenumberofdilutedsharesoutstanding": 1000000,
        "commonstockdividendspersharedeclared": 0.5
    },
    {
        "date": "2019-03-28",
        "symbol": "WDC",
        "period": "Q3",
        "netincomeloss": 2362000000,
        "othercomprehensiveincomelossforeigncurrencytransactionandtranslationadjustmentbeforetax": 4000000,
        "othercomprehensiveincomeunrealizedgainlossonderivativesarisingduringperiodandavailableforsalesecuritiesadjustmentbeforereclassificationadjustmentsandtax": -2000000,
        "othercomprehensiveincomelossbeforetax": 2000000,
        "othercomprehensiveincomelosstax": -1000000,
        "othercomprehensiveincomelossnetoftax": 3000000,
        "comprehensiveincomenetoftaxincludingportionattributabletononcontrollinginterest": 1323000000,
        "revenuefromcontractwithcustomerexcludingassessedtax": 2064000000,
        "grossprofit": 30000000,
        "researchanddevelopmentexpenseexcludingacquiredinprocesscost": 185000000,
        "sellinggeneralandadministrativeexpense": -94000000,
        "employeeterminationassetimpairmentandothercharges": 34000000,
        "operatingexpenses": -660000000,
        "operatingincomeloss": 30000000,
        "investmentincomeinterest": -3000000,
        "interestexpense": -3000000,
        "othernonoperatingincomeexpense": 1000000,
        "nonoperatingincomeexpense": -342000000,
        "incomelossfromcontinuingoperationsbeforeincometaxesminorityinterestandincomelossfromequitymethodinvestments": 30000000,
        "incometaxexpensebenefit": 295000000,
        "earningspersharebasic": -1.98,
        "earningspersharediluted": -1.94,
        "weightedaveragenumberofsharesoutstandingbasic": -291000000,
        "weightedaveragenumberofdilutedsharesoutstanding": -297000000,
        "commonstockdividendspersharedeclared": 0.5
    },
    {
        "date": "2018-12-27",
        "symbol": "WDC",
        "period": "Q2",
        "netincomeloss": -487000000,
        "othercomprehensiveincomelosspensionandotherpostretirementbenefitplansadjustmentbeforetax": 2000000,
        "othercomprehensiveincomelossforeigncurrencytransactionandtranslationadjustmentbeforetax": -64000000,
        "othercomprehensiveincomeunrealizedgainlossonderivativesarisingduringperiodandavailableforsalesecuritiesadjustmentbeforereclassificationadjustmentsandtax": -60000000,
        "othercomprehensiveincomelossbeforetax": -126000000,
        "othercomprehensiveincomelosstax": -3000000,
        "othercomprehensiveincomelossnetoftax": -123000000,
        "comprehensiveincomenetoftaxincludingportionattributabletononcontrollinginterest": 432000000,
        "revenuefromcontractwithcustomerexcludingassessedtax": 2060000000,
        "costofgoodsandservicessold": -3968000000,
        "grossprofit": -48000000,
        "researchanddevelopmentexpenseexcludingacquiredinprocesscost": 205000000,
        "sellinggeneralandadministrativeexpense": 95000000,
        "employeeterminationassetimpairmentandothercharges": 14000000,
        "operatingexpenses": 661000000,
        "operatingincomeloss": -48000000,
        "investmentincomeinterest": -3000000,
        "interestexpense": -3000000,
        "othernonoperatingincomeexpense": 2000000,
        "nonoperatingincomeexpense": 2000000,
        "incomelossfromcontinuingoperationsbeforeincometaxesminorityinterestandincomelossfromequitymethodinvestments": -46000000,
        "incometaxexpensebenefit": -97000000,
        "earningspersharebasic": -1.68,
        "earningspersharediluted": -1.68,
        "weightedaveragenumberofsharesoutstandingbasic": 290000000,
        "weightedaveragenumberofdilutedsharesoutstanding": 290000000,
        "commonstockdividendspersharedeclared": 0.5
    },
    {
        "date": "2018-09-27",
        "symbol": "WDC",
        "period": "Q1",
        "netincomeloss": -810000000,
        "othercomprehensiveincomelossforeigncurrencytransactionandtranslationadjustmentbeforetax": 68000000,
        "othercomprehensiveincomeunrealizedgainlossonderivativesarisingduringperiodandavailableforsalesecuritiesadjustmentbeforereclassificationadjustmentsandtax": 18000000,
        "othercomprehensiveincomelossbeforetax": 86000000,
        "othercomprehensiveincomelosstax": 1000000,
        "othercomprehensiveincomelossnetoftax": 85000000,
        "comprehensiveincomenetoftaxincludingportionattributabletononcontrollinginterest": -725000000,
        "revenuefromcontractwithcustomerexcludingassessedtax": 2494000000,
        "costofgoodssold": -3465000000,
        "grossprofit": 12000000,
        "researchanddevelopmentexpenseexcludingacquiredinprocesscost": 213000000,
        "sellinggeneralandadministrativeexpense": 1000000,
        "employeeterminationassetimpairmentandothercharges": 14000000,
        "operatingexpenses": 1000000,
        "operatingincomeloss": 12000000,
        "investmentincomeinterest": -8000000,
        "interestexpense": -8000000,
        "othernonoperatingincomeexpense": -2000000,
        "nonoperatingincomeexpense": -2000000,
        "incomelossfromcontinuingoperationsbeforeincometaxesminorityinterestandincomelossfromequitymethodinvestments": 10000000,
        "incometaxexpensebenefit": -144000000,
        "earningspersharebasic": 1.75,
        "earningspersharediluted": 1.71,
        "weightedaveragenumberofsharesoutstandingbasic": 292000000,
        "weightedaveragenumberofdilutedsharesoutstanding": 298000000,
        "commonstockdividendspersharedeclared": 0.5
    },
    {
        "date": "2018-03-29",
        "symbol": "WDC",
        "period": "Q3",
        "netincomeloss": -1363000000,
        "othercomprehensiveincomelosspensionandotherpostretirementbenefitplansadjustmentbeforetax": -1000000,
        "othercomprehensiveincomelossforeigncurrencytransactionandtranslationadjustmentbeforetax": -150000000,
        "othercomprehensiveincomeunrealizedgainlossonderivativesarisingduringperiodbeforetax": -27000000,
        "othercomprehensiveincomelossavailableforsalesecuritiesadjustmentbeforereclassificationadjustmentsandtax": 6000000,
        "othercomprehensiveincomelossbeforetax": -173000000,
        "othercomprehensiveincomelosstax": -5000000,
        "othercomprehensiveincomelossnetoftax": -168000000,
        "comprehensiveincomenetoftaxincludingportionattributabletononcontrollinginterest": -1531000000,
        "salesrevenuegoodsnet": -3596000000,
        "costofgoodssold": 8000000,
        "grossprofit": 26000000,
        "researchanddevelopmentexpenseexcludingacquiredinprocesscost": 1000000,
        "sellinggeneralandadministrativeexpense": 3000000,
        "employeeterminationassetimpairmentandothercharges": 1000000,
        "operatingexpenses": -8000000,
        "operatingincomeloss": 26000000,
        "investmentincomeinterest": -40000000,
        "interestexpense": -40000000,
        "othernonoperatingincomeexpense": 10000000,
        "nonoperatingincomeexpense": 10000000,
        "incomelossfromcontinuingoperationsbeforeincometaxesminorityinterestandincomelossfromequitymethodinvestments": 36000000,
        "incometaxexpensebenefit": -228000000,
        "earningspersharebasic": 0.2,
        "earningspersharediluted": 0.2,
        "weightedaveragenumberofsharesoutstandingbasic": 298000000,
        "weightedaveragenumberofdilutedsharesoutstanding": 308000000,
        "commonstockdividendspersharedeclared": 0.5
    },
    {
        "date": "2017-12-28",
        "symbol": "WDC",
        "period": "Q2",
        "netincomeloss": -1894000000,
        "othercomprehensiveincomelossforeigncurrencytransactionandtranslationadjustmentbeforetax": 2000000,
        "othercomprehensiveincomeunrealizedgainlossonderivativesarisingduringperiodbeforetax": -16000000,
        "othercomprehensiveincomelossavailableforsalesecuritiesadjustmentbeforereclassificationadjustmentsandtax": 3000000,
        "othercomprehensiveincomelossbeforetax": -11000000,
        "othercomprehensiveincomelosstax": 1000000,
        "othercomprehensiveincomelossnetoftax": -7000000,
        "comprehensiveincomenetoftaxincludingportionattributabletononcontrollinginterest": -1904000000,
        "salesrevenuegoodsnet": -12392000000,
        "costofgoodssold": -3267000000,
        "grossprofit": -1909000000,
        "researchanddevelopmentexpenseexcludingacquiredinprocesscost": -152000000,
        "sellinggeneralandadministrativeexpense": -361000000,
        "employeeterminationassetimpairmentandothercharges": 27000000,
        "operatingexpenses": -1005000000,
        "operatingincomeloss": -901000000,
        "investmentincomeinterest": -163000000,
        "interestexpense": -352000000,
        "othernonoperatingincomeexpense": -2000000,
        "nonoperatingincomeexpense": -67000000,
        "incomelossfromcontinuingoperationsbeforeincometaxesminorityinterestandincomelossfromequitymethodinvestments": -706000000,
        "incometaxexpensebenefit": -120000000,
        "earningspersharebasic": -2.79,
        "earningspersharediluted": -2.71,
        "weightedaveragenumberofsharesoutstandingbasic": 0,
        "weightedaveragenumberofdilutedsharesoutstanding": -11000000,
        "commonstockdividendspersharedeclared": 0.5
    },
    {
        "date": "2017-09-28",
        "symbol": "WDC",
        "period": "Q1",
        "netincomeloss": 681000000,
        "othercomprehensiveincomelossforeigncurrencytransactionandtranslationadjustmentbeforetax": -4000000,
        "othercomprehensiveincomeunrealizedgainlossonderivativesarisingduringperiodbeforetax": 4000000,
        "othercomprehensiveincomelossavailableforsalesecuritiesadjustmentbeforereclassificationadjustmentsandtax": -1000000,
        "othercomprehensiveincomelossbeforetax": -1000000,
        "othercomprehensiveincomelosstax": -2000000,
        "othercomprehensiveincomelossnetoftax": -4000000,
        "comprehensiveincomenetoftaxincludingportionattributabletononcontrollinginterest": 680000000,
        "salesrevenuegoodsnet": 5181000000,
        "costofgoodssold": 3268000000,
        "grossprofit": 1913000000,
        "researchanddevelopmentexpenseexcludingacquiredinprocesscost": 592000000,
        "sellinggeneralandadministrativeexpense": 364000000,
        "employeeterminationassetimpairmentandothercharges": 52000000,
        "operatingexpenses": 1008000000,
        "operatingincomeloss": 905000000,
        "investmentincomeinterest": 16000000,
        "interestexpense": 205000000,
        "othernonoperatingincomeexpense": -6000000,
        "nonoperatingincomeexpense": -195000000,
        "incomelossfromcontinuingoperationsbeforeincometaxesminorityinterestandincomelossfromequitymethodinvestments": 710000000,
        "incometaxexpensebenefit": 29000000,
        "earningspersharebasic": 2.31,
        "earningspersharediluted": 2.23,
        "weightedaveragenumberofsharesoutstandingbasic": 295000000,
        "weightedaveragenumberofdilutedsharesoutstanding": 306000000,
        "commonstockdividendspersharedeclared": 0.5
    },
    {
        "date": "2017-03-30",
        "symbol": "WDC",
        "period": "Q3",
        "netincomeloss": -606000000,
        "othercomprehensiveincomelosspensionandotherpostretirementbenefitplansadjustmentbeforetax": 2000000,
        "othercomprehensiveincomelossforeigncurrencytransactionandtranslationadjustmentbeforetax": -116000000,
        "othercomprehensiveincomeunrealizedgainlossonderivativesarisingduringperiodbeforetax": -83000000,
        "othercomprehensiveincomelossbeforetax": -201000000,
        "othercomprehensiveincomelosstax": -5000000,
        "othercomprehensiveincomelossnetoftax": -196000000,
        "comprehensiveincomenetoftaxincludingportionattributabletononcontrollinginterest": -802000000,
        "salesrevenuegoodsnet": -3090000000,
        "costofgoodssold": -3068000000,
        "grossprofit": -22000000,
        "researchanddevelopmentexpenseexcludingacquiredinprocesscost": 200000000,
        "sellinggeneralandadministrativeexpense": 1000000,
        "employeeterminationassetimpairmentandothercharges": 9000000,
        "operatingexpenses": 1000000,
        "operatingincomeloss": -22000000,
        "investmentincomeinterest": -95000000,
        "interestexpense": -95000000,
        "othernonoperatingincomeexpense": -9000000,
        "nonoperatingincomeexpense": -132000000,
        "incomelossfromcontinuingoperationsbeforeincometaxesminorityinterestandincomelossfromequitymethodinvestments": -22000000,
        "incometaxexpensebenefit": -26000000,
        "earningspersharebasic": 0.86,
        "earningspersharediluted": 0.83,
        "weightedaveragenumberofsharesoutstandingbasic": 289000000,
        "weightedaveragenumberofdilutedsharesoutstanding": 299000000,
        "commonstockdividendspersharedeclared": 0.5
    },
    {
        "date": "2016-12-29",
        "symbol": "WDC",
        "period": "Q2",
        "netincomeloss": -207000000,
        "othercomprehensiveincomelosspensionandotherpostretirementbenefitplansadjustmentbeforetax": 2000000,
        "othercomprehensiveincomelossforeigncurrencytransactionandtranslationadjustmentbeforetax": 396000000,
        "othercomprehensiveincomeunrealizedgainlossonderivativesarisingduringperiodbeforetax": 268000000,
        "othercomprehensiveincomelossbeforetax": 662000000,
        "othercomprehensiveincomelosstax": 19000000,
        "othercomprehensiveincomelossnetoftax": 643000000,
        "comprehensiveincomenetoftaxincludingportionattributabletononcontrollinginterest": 436000000,
        "salesrevenuegoodsnet": -3143000000,
        "costofgoodssold": -3225000000,
        "grossprofit": 82000000,
        "researchanddevelopmentexpenseexcludingacquiredinprocesscost": 213000000,
        "sellinggeneralandadministrativeexpense": 3000000,
        "employeeterminationassetimpairmentandothercharges": 36000000,
        "operatingexpenses": 3000000,
        "operatingincomeloss": 82000000,
        "investmentincomeinterest": -83000000,
        "interestexpense": -83000000,
        "othernonoperatingincomeexpense": -2000000,
        "nonoperatingincomeexpense": -119000000,
        "incomelossfromcontinuingoperationsbeforeincometaxesminorityinterestandincomelossfromequitymethodinvestments": 82000000,
        "incometaxexpensebenefit": -87000000,
        "earningspersharebasic": 0.82,
        "earningspersharediluted": 0.8,
        "weightedaveragenumberofsharesoutstandingbasic": 286000000,
        "weightedaveragenumberofdilutedsharesoutstanding": 294000000,
        "commonstockdividendspersharedeclared": 0.5
    },
    {
        "date": "2016-09-29",
        "symbol": "WDC",
        "period": "Q1",
        "netincomeloss": -366000000,
        "othercomprehensiveincomelosspensionandotherpostretirementbenefitplansadjustmentbeforetax": -5000000,
        "othercomprehensiveincomelossforeigncurrencytransactionandtranslationadjustmentbeforetax": 17000000,
        "othercomprehensiveincomeunrealizedgainlossonderivativesarisingduringperiodbeforetax": -4000000,
        "othercomprehensiveincomelossbeforetax": 18000000,
        "othercomprehensiveincomelosstax": 5000000,
        "othercomprehensiveincomelossnetoftax": 12000000,
        "comprehensiveincomenetoftaxincludingportionattributabletononcontrollinginterest": -354000000,
        "salesrevenuegoodsnet": 4714000000,
        "costofgoodssold": 3379000000,
        "grossprofit": 1335000000,
        "researchanddevelopmentexpenseexcludingacquiredinprocesscost": 639000000,
        "sellinggeneralandadministrativeexpense": 396000000,
        "employeeterminationassetimpairmentandothercharges": 68000000,
        "operatingexpenses": 1103000000,
        "operatingincomeloss": 232000000,
        "investmentincomeinterest": 5000000,
        "interestexpense": 236000000,
        "othernonoperatingincomeexpense": -272000000,
        "nonoperatingincomeexpense": -503000000,
        "incomelossfromcontinuingoperationsbeforeincometaxesminorityinterestandincomelossfromequitymethodinvestments": -271000000,
        "incometaxexpensebenefit": 95000000,
        "earningspersharebasic": -1.28,
        "earningspersharediluted": -1.28,
        "weightedaveragenumberofsharesoutstandingbasic": 285000000,
        "weightedaveragenumberofdilutedsharesoutstanding": 285000000,
        "commonstockdividendspersharedeclared": 0.5
    },
    {
        "date": "2016-03-31",
        "symbol": "WDC",
        "period": "Q3",
        "netincomeloss": 74000000,
        "othercomprehensiveincomeunrealizedgainlossonderivativesarisingduringperiodnetoftax": 39000000,
        "othercomprehensiveincomelossnetoftax": 15000000,
        "comprehensiveincomenetoftaxincludingportionattributabletononcontrollinginterest": 114000000,
        "salesrevenuegoodsnet": 2822000000,
        "costofgoodssold": 2069000000,
        "grossprofit": 753000000,
        "researchanddevelopmentexpenseexcludingacquiredinprocesscost": 359000000,
        "sellinggeneralandadministrativeexpense": 166000000,
        "employeeterminationassetimpairmentandothercharges": 140000000,
        "operatingexpenses": 665000000,
        "operatingincomeloss": 88000000,
        "investmentincomeinterest": 6000000,
        "interestandotherexpense": 14000000,
        "nonoperatingincomeexpense": -8000000,
        "incomelossfromcontinuingoperationsbeforeincometaxesminorityinterestandincomelossfromequitymethodinvestments": 80000000,
        "incometaxexpensebenefit": 6000000,
        "earningspersharebasic": 0.31000000000000005,
        "earningspersharediluted": 0.32000000000000006,
        "weightedaveragenumberofsharesoutstandingbasic": -231000000,
        "weightedaveragenumberofdilutedsharesoutstanding": -234000000,
        "cashdividendpercommonsharedeclared": 0.5
    },
    {
        "date": "2015-12-31",
        "symbol": "WDC",
        "period": "Q2",
        "netincomeloss": 251000000,
        "othercomprehensiveincomeunrealizedgainlossonderivativesarisingduringperiodnetoftax": 38000000,
        "othercomprehensiveincomeunrealizedholdinggainlossonsecuritiesarisingduringperiodnetoftax": -2000000,
        "othercomprehensiveincomelossnetoftax": 36000000,
        "comprehensiveincomenetoftaxincludingportionattributabletononcontrollinginterest": 287000000,
        "salesrevenuegoodsnet": 3317000000,
        "costofgoodssold": 2411000000,
        "grossprofit": 906000000,
        "researchanddevelopmentexpenseexcludingacquiredinprocesscost": 389000000,
        "sellinggeneralandadministrativeexpense": 207000000,
        "arbitrationawardprovision": 32000000,
        "employeeterminationassetimpairmentandothercharges": 27000000,
        "operatingexpenses": 655000000,
        "operatingincomeloss": 251000000,
        "investmentincomeinterest": 6000000,
        "interestandotherexpense": 13000000,
        "nonoperatingincomeexpense": -7000000,
        "incomelossfromcontinuingoperationsbeforeincometaxesminorityinterestandincomelossfromequitymethodinvestments": 244000000,
        "incometaxexpensebenefit": -7000000,
        "earningspersharebasic": 1.08,
        "earningspersharediluted": 1.07,
        "weightedaveragenumberofsharesoutstandingbasic": 232000000,
        "weightedaveragenumberofdilutedsharesoutstanding": 234000000,
        "cashdividendpercommonsharedeclared": 0.5
    },
    {
        "date": "2015-10-01",
        "symbol": "WDC",
        "period": "Q1",
        "netincomeloss": 283000000,
        "othercomprehensiveincomeunrealizedgainlossonderivativesarisingduringperiodnetoftax": -25000000,
        "othercomprehensiveincomeunrealizedholdinggainlossonsecuritiesarisingduringperiodnetoftax": 1000000,
        "othercomprehensiveincomelossnetoftax": 1000000,
        "comprehensiveincomenetoftaxincludingportionattributabletononcontrollinginterest": 259000000,
        "salesrevenuegoodsnet": 3360000000,
        "costofgoodssold": 2405000000,
        "grossprofit": 955000000,
        "researchanddevelopmentexpenseexcludingacquiredinprocesscost": 385000000,
        "sellinggeneralandadministrativeexpense": 192000000,
        "employeeterminationassetimpairmentandothercharges": 56000000,
        "operatingexpenses": 633000000,
        "operatingincomeloss": 322000000,
        "investmentincomeinterest": 5000000,
        "interestandotherexpense": 13000000,
        "nonoperatingincomeexpense": -8000000,
        "incomelossfromcontinuingoperationsbeforeincometaxesminorityinterestandincomelossfromequitymethodinvestments": 314000000,
        "incometaxexpensebenefit": 31000000,
        "earningspersharebasic": 1.23,
        "earningspersharediluted": 1.21,
        "weightedaveragenumberofsharesoutstandingbasic": 231000000,
        "weightedaveragenumberofdilutedsharesoutstanding": 234000000,
        "cashdividendpercommonsharedeclared": 0.5
    },
    {
        "date": "2015-04-02",
        "symbol": "WDC",
        "period": "Q3",
        "netincomeloss": 384000000,
        "othercomprehensiveincomeunrealizedgainlossonderivativesarisingduringperiodnetoftax": 29000000,
        "othercomprehensiveincomelossnetoftax": 29000000,
        "comprehensiveincomenetoftaxincludingportionattributabletononcontrollinginterest": 413000000,
        "salesrevenuegoodsnet": 3550000000,
        "costofgoodssold": 2518000000,
        "grossprofit": 1032000000,
        "researchanddevelopmentexpenseexcludingacquiredinprocesscost": 402000000,
        "sellinggeneralandadministrativeexpense": 199000000,
        "arbitrationawardprovision": 0,
        "employeeterminationassetimpairmentandothercharges": 10000000,
        "operatingexpenses": 611000000,
        "operatingincomeloss": 421000000,
        "investmentincomeinterest": 3000000,
        "interestandotherexpense": 12000000,
        "nonoperatingincomeexpense": -9000000,
        "incomelossfromcontinuingoperationsbeforeincometaxesminorityinterestandincomelossfromequitymethodinvestments": 412000000,
        "incometaxexpensebenefit": 28000000,
        "earningspersharebasic": 1.65,
        "earningspersharediluted": 1.6300000000000006,
        "weightedaveragenumberofsharesoutstandingbasic": -234000000,
        "weightedaveragenumberofdilutedsharesoutstanding": -240000000
    },
    {
        "date": "2015-01-01",
        "symbol": "WDC",
        "period": "Q2",
        "netincomeloss": 438000000,
        "othercomprehensiveincomeunrealizedgainlossonderivativesarisingduringperiodnetoftax": -18000000,
        "othercomprehensiveincomelossnetoftax": -18000000,
        "comprehensiveincomenetoftaxincludingportionattributabletononcontrollinginterest": 420000000,
        "salesrevenuegoodsnet": 3888000000,
        "costofgoodssold": 2778000000,
        "grossprofit": 1110000000,
        "researchanddevelopmentexpenseexcludingacquiredinprocesscost": 426000000,
        "sellinggeneralandadministrativeexpense": 164000000,
        "arbitrationawardprovision": 1000000,
        "employeeterminationassetimpairmentandothercharges": 53000000,
        "operatingexpenses": 644000000,
        "operatingincomeloss": 466000000,
        "investmentincomeinterest": 4000000,
        "interestandotherexpense": 12000000,
        "nonoperatingincomeexpense": -8000000,
        "incomelossfromcontinuingoperationsbeforeincometaxesminorityinterestandincomelossfromequitymethodinvestments": 458000000,
        "incometaxexpensebenefit": 20000000,
        "earningspersharebasic": 1.88,
        "earningspersharediluted": 1.84,
        "weightedaveragenumberofsharesoutstandingbasic": 233000000,
        "weightedaveragenumberofdilutedsharesoutstanding": 238000000
    },
    {
        "date": "2014-10-02",
        "symbol": "WDC",
        "period": "Q1",
        "netincomeloss": 423000000,
        "othercomprehensiveincomeunrealizedgainlossonderivativesarisingduringperiodnetoftax": -26000000,
        "othercomprehensiveincomelossnetoftax": -26000000,
        "comprehensiveincomenetoftaxincludingportionattributabletononcontrollinginterest": 397000000,
        "salesrevenuegoodsnet": 3943000000,
        "costofgoodssold": 2794000000,
        "grossprofit": 1149000000,
        "researchanddevelopmentexpenseexcludingacquiredinprocesscost": 437000000,
        "sellinggeneralandadministrativeexpense": 220000000,
        "arbitrationawardprovision": 14000000,
        "employeeterminationassetimpairmentandothercharges": 9000000,
        "operatingexpenses": 680000000,
        "operatingincomeloss": 469000000,
        "investmentincomeinterest": 4000000,
        "interestandotherexpense": 13000000,
        "nonoperatingincomeexpense": -9000000,
        "incomelossfromcontinuingoperationsbeforeincometaxesminorityinterestandincomelossfromequitymethodinvestments": 460000000,
        "incometaxexpensebenefit": 37000000,
        "earningspersharebasic": 1.81,
        "earningspersharediluted": 1.76,
        "weightedaveragenumberofsharesoutstandingbasic": 234000000,
        "weightedaveragenumberofdilutedsharesoutstanding": 240000000
    },
    {
        "date": "2014-03-27",
        "symbol": "WDC",
        "period": "Q3",
        "netincomeloss": 375000000,
        "othercomprehensiveincomeunrealizedgainlossonderivativesarisingduringperiodnetoftax": 45000000,
        "othercomprehensiveincomelossnetoftax": 45000000,
        "comprehensiveincomenetoftaxincludingportionattributabletononcontrollinginterest": 420000000,
        "salesrevenuegoodsnet": 3703000000,
        "costofgoodssold": 2643000000,
        "grossprofit": 1060000000,
        "researchanddevelopmentexpenseexcludingacquiredinprocesscost": 426000000,
        "sellinggeneralandadministrativeexpense": 202000000,
        "arbitrationawardprovision": 13000000,
        "operatingexpenses": 641000000,
        "operatingincomeloss": 419000000,
        "investmentincomeinterest": 4000000,
        "interestandotherexpense": 17000000,
        "nonoperatingincomeexpense": -13000000,
        "incomelossfromcontinuingoperationsbeforeincometaxesminorityinterestandincomelossfromequitymethodinvestments": 406000000,
        "incometaxexpensebenefit": 31000000,
        "earningspersharebasic": 1.6,
        "earningspersharediluted": 1.55,
        "weightedaveragenumberofsharesoutstandingbasic": 235000000,
        "weightedaveragenumberofdilutedsharesoutstanding": 242000000
    },
    {
        "date": "2013-12-26",
        "symbol": "WDC",
        "period": "Q2",
        "netincomeloss": 430000000,
        "othercomprehensiveincomeunrealizedgainlossonderivativesarisingduringperiodnetoftax": -30000000,
        "othercomprehensiveincomelossnetoftax": -30000000,
        "comprehensiveincomenetoftaxincludingportionattributabletononcontrollinginterest": 400000000,
        "salesrevenuegoodsnet": 3972000000,
        "costofgoodssold": 2831000000,
        "grossprofit": 1141000000,
        "researchanddevelopmentexpenseexcludingacquiredinprocesscost": 421000000,
        "sellinggeneralandadministrativeexpense": 229000000,
        "arbitrationawardprovision": 13000000,
        "operatingexpenses": 663000000,
        "operatingincomeloss": 478000000,
        "investmentincomeinterest": 3000000,
        "interestandotherexpense": 14000000,
        "nonoperatingincomeexpense": -11000000,
        "incomelossfromcontinuingoperationsbeforeincometaxesminorityinterestandincomelossfromequitymethodinvestments": 467000000,
        "incometaxexpensebenefit": 37000000,
        "earningspersharebasic": 1.82,
        "earningspersharediluted": 1.77,
        "weightedaveragenumberofsharesoutstandingbasic": 236000000,
        "weightedaveragenumberofdilutedsharesoutstanding": 243000000
    },
    {
        "date": "2013-09-26",
        "symbol": "WDC",
        "period": "Q1",
        "netincomeloss": 495000000,
        "othercomprehensiveincomeunrealizedgainlossonderivativesarisingduringperiodnetoftax": 16000000,
        "othercomprehensiveincomelossnetoftax": 16000000,
        "comprehensiveincomenetoftaxincludingportionattributabletononcontrollinginterest": 511000000,
        "salesrevenuegoodsnet": 3804000000,
        "costofgoodssold": 2716000000,
        "grossprofit": 1088000000,
        "researchanddevelopmentexpenseexcludingacquiredinprocesscost": 401000000,
        "sellinggeneralandadministrativeexpense": 132000000,
        "arbitrationawardprovision": 13000000,
        "operatingexpenses": 546000000,
        "operatingincomeloss": 542000000,
        "investmentincomeinterest": 3000000,
        "interestandotherexpense": 13000000,
        "nonoperatingincomeexpense": -10000000,
        "incomelossfromcontinuingoperationsbeforeincometaxesminorityinterestandincomelossfromequitymethodinvestments": 532000000,
        "incometaxexpensebenefit": 37000000,
        "earningspersharebasic": 2.1,
        "earningspersharediluted": 2.05,
        "weightedaveragenumberofsharesoutstandingbasic": 236000000,
        "weightedaveragenumberofdilutedsharesoutstanding": 242000000
    },
    {
        "date": "2013-03-28",
        "symbol": "WDC",
        "period": "Q3",
        "salesrevenuegoodsnet": 3764000000,
        "costofgoodssold": 2703000000,
        "grossprofit": 1061000000,
        "researchanddevelopmentexpenseexcludingacquiredinprocesscost": 396000000,
        "sellinggeneralandadministrativeexpense": 185000000,
        "severanceandothercosts": 63000000,
        "operatingexpenses": 644000000,
        "operatingincomeloss": 417000000,
        "investmentincomeinterest": 3000000,
        "interestandotherexpense": 14000000,
        "nonoperatingincomeexpense": -11000000,
        "incomelossfromcontinuingoperationsbeforeincometaxesminorityinterestandincomelossfromequitymethodinvestments": 406000000,
        "incometaxexpensebenefit": 15000000,
        "netincomeloss": 391000000,
        "earningspersharebasic": 1.6399999999999997,
        "earningspersharediluted": 1.5899999999999994,
        "weightedaveragenumberofsharesoutstandingbasic": -2000000,
        "weightedaveragenumberofdilutedsharesoutstanding": -1000000,
        "othercomprehensiveincomeunrealizedgainlossonderivativesarisingduringperiodnetoftax": 6000000,
        "othercomprehensiveincomelossnetoftax": 12000000,
        "comprehensiveincomenetoftaxincludingportionattributabletononcontrollinginterest": 403000000
    },
    {
        "date": "2012-12-27",
        "symbol": "WDC",
        "period": "Q2",
        "salesrevenuegoodsnet": 3824000000,
        "costofgoodssold": 2765000000,
        "grossprofit": 1059000000,
        "researchanddevelopmentexpenseexcludingacquiredinprocesscost": 378000000,
        "sellinggeneralandadministrativeexpense": 162000000,
        "severanceandothercosts": 41000000,
        "operatingexpenses": 581000000,
        "operatingincomeloss": 478000000,
        "investmentincomeinterest": 3000000,
        "interestandotherexpense": 13000000,
        "nonoperatingincomeexpense": -10000000,
        "incomelossfromcontinuingoperationsbeforeincometaxesminorityinterestandincomelossfromequitymethodinvestments": 468000000,
        "incometaxexpensebenefit": 133000000,
        "netincomeloss": 335000000,
        "earningspersharebasic": 1.3900000000000001,
        "earningspersharediluted": 1.37,
        "weightedaveragenumberofsharesoutstandingbasic": -2000000,
        "weightedaveragenumberofdilutedsharesoutstanding": -3000000,
        "othercomprehensiveincomeunrealizedgainlossonderivativesarisingduringperiodnetoftax": -2000000,
        "othercomprehensiveincomelosspensionandotherpostretirementbenefitplansadjustmentnetoftax": 0,
        "othercomprehensiveincomelossnetoftax": -6000000,
        "comprehensiveincomenetoftaxincludingportionattributabletononcontrollinginterest": 329000000
    },
    {
        "date": "2012-09-27",
        "symbol": "WDC",
        "period": "Q1",
        "salesrevenuegoodsnet": 4035000000,
        "costofgoodssold": 2842000000,
        "grossprofit": 1193000000,
        "researchanddevelopmentexpenseexcludingacquiredinprocesscost": 396000000,
        "sellinggeneralandadministrativeexpense": 179000000,
        "severanceandothercosts": 26000000,
        "operatingexpenses": 601000000,
        "operatingincomeloss": 592000000,
        "investmentincomeinterest": 2000000,
        "interestandotherexpense": 16000000,
        "nonoperatingincomeexpense": -14000000,
        "incomelossfromcontinuingoperationsbeforeincometaxesminorityinterestandincomelossfromequitymethodinvestments": 578000000,
        "incometaxexpensebenefit": 59000000,
        "netincomeloss": 519000000,
        "earningspersharebasic": 2.11,
        "earningspersharediluted": 2.06,
        "weightedaveragenumberofsharesoutstandingbasic": 246000000,
        "weightedaveragenumberofdilutedsharesoutstanding": 252000000,
        "othercomprehensiveincomeunrealizedgainlossonderivativesarisingduringperiodnetoftax": 28000000,
        "othercomprehensiveincomelosspensionandotherpostretirementbenefitplansadjustmentnetoftax": -1000000,
        "othercomprehensiveincomelossnetoftax": 29000000,
        "comprehensiveincomenetoftaxincludingportionattributabletononcontrollinginterest": 548000000
    },
    {
        "date": "2012-03-29",
        "symbol": "WDC",
        "period": "Q3",
        "salesrevenuegoodsnet": 614000000,
        "costofgoodssold": 2058000000,
        "grossprofit": 977000000,
        "researchanddevelopmentexpenseexcludingacquiredinprocesscost": 265000000,
        "sellinggeneralandadministrativeexpense": 155000000,
        "unusualorinfrequentitemnetofrecoveries": 15000000,
        "operatingexpenses": 435000000,
        "operatingincomeloss": 542000000,
        "investmentincomeinterest": 3000000,
        "interestandotherexpense": 7000000,
        "nonoperatingincomeexpense": -4000000,
        "incomelossfromcontinuingoperationsbeforeincometaxesminorityinterestandincomelossfromequitymethodinvestments": 538000000,
        "incometaxexpensebenefit": 55000000,
        "netincomeloss": 40000000,
        "earningspersharebasic": 2,
        "earningspersharediluted": 1.96,
        "weightedaveragenumberofsharesoutstandingbasic": 241000000,
        "weightedaveragenumberofdilutedsharesoutstanding": 246000000
    },
    {
        "date": "2011-12-29",
        "symbol": "WDC",
        "period": "Q2",
        "salesrevenuegoodsnet": 1995000000,
        "costofgoodssold": 1347000000,
        "grossprofit": 648000000,
        "researchanddevelopmentexpenseexcludingacquiredinprocesscost": 191000000,
        "sellinggeneralandadministrativeexpense": 96000000,
        "unusualorinfrequentitemgross": 23000000,
        "operatingexpenses": 486000000,
        "operatingincomeloss": 162000000,
        "investmentincomeinterest": 3000000,
        "interestandotherexpense": 5000000,
        "nonoperatingincomeexpense": -2000000,
        "incomelossfromcontinuingoperationsbeforeincometaxesminorityinterestandincomelossfromequitymethodinvestments": 160000000,
        "incometaxexpensebenefit": 15000000,
        "netincomeloss": 145000000,
        "earningspersharebasic": 0.62,
        "earningspersharediluted": 0.61,
        "weightedaveragenumberofsharesoutstandingbasic": 234000000,
        "weightedaveragenumberofdilutedsharesoutstanding": 237000000
    },
    {
        "date": "2011-09-29",
        "symbol": "WDC",
        "period": "Q1",
        "salesrevenuegoodsnet": 2694000000,
        "costofgoodssold": 2153000000,
        "grossprofit": 541000000,
        "researchanddevelopmentexpenseexcludingacquiredinprocesscost": 193000000,
        "sellinggeneralandadministrativeexpense": 89000000,
        "operatingexpenses": 282000000,
        "operatingincomeloss": 259000000,
        "investmentincomeinterest": 3000000,
        "interestandotherexpense": 4000000,
        "nonoperatingincomeexpense": -1000000,
        "incomelossfromcontinuingoperationsbeforeincometaxesminorityinterestandincomelossfromequitymethodinvestments": 258000000,
        "incometaxexpensebenefit": 19000000,
        "netincomeloss": 239000000,
        "earningspersharebasic": 1.03,
        "earningspersharediluted": 1.01,
        "weightedaveragenumberofsharesoutstandingbasic": 233000000,
        "weightedaveragenumberofdilutedsharesoutstanding": 237000000
    },
    {
        "date": "2011-03-31",
        "symbol": "WDC",
        "period": "Q3",
        "salesrevenuegoodsnet": 2252000000,
        "costofgoodssold": 1842000000,
        "grossprofit": 410000000,
        "researchanddevelopmentexpenseexcludingacquiredinprocesscost": 179000000,
        "sellinggeneralandadministrativeexpenseoperatingexpenses": 73000000,
        "operatingexpenses": 252000000,
        "operatingincomeloss": 158000000,
        "investmentincomeinterest": 2000000,
        "interestandotherexpense": -1000000,
        "nonoperatingincomeexpense": 1000000,
        "incomelossfromcontinuingoperationsbeforeincometaxesminorityinterestandincomelossfromequitymethodinvestments": 159000000,
        "incometaxexpensebenefit": 13000000,
        "netincomeloss": 146000000,
        "earningspersharebasic": 0.63,
        "earningspersharediluted": 0.62,
        "weightedaveragenumberofsharesoutstandingbasic": 232000000,
        "weightedaveragenumberofdilutedsharesoutstanding": 236000000
    },
    {
        "date": "2010-12-30",
        "symbol": "WDC",
        "period": "Q2",
        "salesrevenuegoodsnet": 2475000000,
        "costofgoodssold": 2000000000,
        "grossprofit": 475000000,
        "researchanddevelopmentexpenseexcludingacquiredinprocesscost": 169000000,
        "sellinggeneralandadministrativeexpenseoperatingexpenses": 66000000,
        "operatingexpenses": 235000000,
        "operatingincomeloss": 240000000,
        "investmentincomeinterest": 2000000,
        "interestandotherexpense": -3000000,
        "nonoperatingincomeexpense": -1000000,
        "incomelossfromcontinuingoperationsbeforeincometaxesminorityinterestandincomelossfromequitymethodinvestments": 239000000,
        "incometaxexpensebenefit": 14000000,
        "netincomeloss": 225000000,
        "earningspersharebasic": 0.98,
        "earningspersharediluted": 0.96,
        "weightedaveragenumberofsharesoutstandingbasic": 230000000,
        "weightedaveragenumberofdilutedsharesoutstanding": 235000000
    },
    {
        "date": "2010-09-30",
        "symbol": "WDC",
        "period": "Q1",
        "salesrevenuegoodsnet": 2396000000,
        "costofgoodssold": 1959000000,
        "grossprofit": 437000000,
        "researchanddevelopmentexpenseexcludingacquiredinprocesscost": 167000000,
        "sellinggeneralandadministrativeexpenseoperatingexpenses": 59000000,
        "operatingexpenses": 226000000,
        "operatingincomeloss": 211000000,
        "investmentincomeinterest": 2000000,
        "interestandotherexpense": -2000000,
        "incomelossfromcontinuingoperationsbeforeincometaxesminorityinterestandincomelossfromequitymethodinvestments": 211000000,
        "incometaxexpensebenefit": 14000000,
        "netincomeloss": 197000000,
        "earningspersharebasic": 0.86,
        "earningspersharediluted": 0.84,
        "weightedaveragenumberofsharesoutstandingbasic": 230000000,
        "weightedaveragenumberofdilutedsharesoutstanding": 234000000
    },
    {
        "date": "2010-04-01",
        "symbol": "WDC",
        "period": "Q3",
        "salesrevenuegoodsnet": 2641000000,
        "costofgoodssold": 1976000000,
        "grossprofit": 665000000,
        "researchanddevelopmentexpenseexcludingacquiredinprocesscost": 160000000,
        "sellinggeneralandadministrativeexpenseoperatingexpenses": 64000000,
        "operatingexpenses": 224000000,
        "operatingincomeloss": 441000000,
        "investmentincomeinterest": 1000000,
        "interestandotherexpense": -2000000,
        "nonoperatingincomeexpense": -1000000,
        "incomelossfromcontinuingoperationsbeforeincometaxesminorityinterestandincomelossfromequitymethodinvestments": 440000000,
        "incometaxexpensebenefit": 40000000,
        "netincomeloss": 400000000,
        "earningspersharebasic": 1.75,
        "earningspersharediluted": 1.71,
        "weightedaveragenumberofsharesoutstandingbasic": 229000000,
        "weightedaveragenumberofdilutedsharesoutstanding": 234000000
    },
    {
        "date": "2009-12-31",
        "symbol": "WDC",
        "period": "Q2",
        "salesrevenuegoodsnet": 2619000000,
        "costofgoodssold": 1932000000,
        "grossprofit": 687000000,
        "researchanddevelopmentexpenseexcludingacquiredinprocesscost": 154000000,
        "sellinggeneralandadministrativeexpenseoperatingexpenses": 60000000,
        "operatingexpenses": 214000000,
        "operatingincomeloss": 473000000,
        "investmentincomeinterest": 1000000,
        "interestandotherexpense": -3000000,
        "nonoperatingincomeexpense": -2000000,
        "incomelossfromcontinuingoperationsbeforeincometaxesminorityinterestandincomelossfromequitymethodinvestments": 471000000,
        "incometaxexpensebenefit": 42000000,
        "netincomeloss": 429000000,
        "earningspersharebasic": 1.89,
        "earningspersharediluted": 1.85,
        "weightedaveragenumberofsharesoutstandingbasic": 227000000,
        "weightedaveragenumberofdilutedsharesoutstanding": 232000000
    },
    {
        "date": "2009-10-01",
        "symbol": "WDC",
        "period": "Q1",
        "salesrevenuegoodsnet": 2208000000,
        "costofgoodssold": 1694000000,
        "grossprofit": 514000000,
        "researchanddevelopmentexpenseexcludingacquiredinprocesscost": 142000000,
        "sellinggeneralandadministrativeexpenseoperatingexpenses": 53000000,
        "operatingexpenses": 195000000,
        "operatingincomeloss": 319000000,
        "investmentincomeinterest": 1000000,
        "interestandotherexpense": -3000000,
        "nonoperatingincomeexpense": -2000000,
        "incomelossfromcontinuingoperationsbeforeincometaxesminorityinterestandincomelossfromequitymethodinvestments": 317000000,
        "incometaxexpensebenefit": 29000000,
        "netincomeloss": 288000000,
        "earningspersharebasic": 1.28,
        "earningspersharediluted": 1.25,
        "weightedaveragenumberofsharesoutstandingbasic": 225000000,
        "weightedaveragenumberofdilutedsharesoutstanding": 230000000
    }
]