[
    {
        "date": "2024-09-29",
        "symbol": "MKL",
        "period": "Q3",
        "premiumsearnednet": 2110108000,
        "netinvestmentincome": 235477000,
        "netinvestmentgainslosses": 917530000,
        "productsrevenues": 612277000,
        "servicesandotherrevenues": -1235919000,
        "revenues": 4611264000,
        "underwritingacquisitionandinsuranceexpenses": 743556000,
        "productsexpenses": 549990000,
        "servicesandotherexpenses": 609321000,
        "amortizationofintangibleassets": 46459000,
        "costsandexpenses": 3239938000,
        "operatingincomeloss": 1371326000,
        "interestexpense": 53361000,
        "foreigncurrencytransactiongainlossrealized": -111612000,
        "incomelossfromcontinuingoperationsbeforeincometaxesextraordinaryitemsnoncontrollinginterest": 1206353000,
        "incometaxexpensebenefit": 259411000,
        "profitloss": 946942000,
        "netincomelossattributabletononcontrollinginterest": 41983000,
        "netincomeloss": 904959000,
        "netincomelossavailabletocommonstockholdersbasic": 904959000,
        "othercomprehensiveincomeunrealizedholdinggainlossonsecuritiesarisingduringperiodnetoftax": 434310000,
        "reclassificationadjustmentsfornetgainslossesincludedinnetincomeloss": -254000,
        "othercomprehensiveincomelossavailableforsalesecuritiesadjustmentnetoftax": 434564000,
        "ociliabilityforfuturepolicybenefitgainlossafterreclassificationadjustmentandtax": -14298000,
        "othercomprehensiveincomelossforeigncurrencytransactionandtranslationadjustmentnetoftax": 4236000,
        "othercomprehensiveincomelosspensionandotherpostretirementbenefitplansadjustmentnetoftax": -21000,
        "othercomprehensiveincomelossnetoftax": 140168000,
        "comprehensiveincomenetoftaxincludingportionattributabletononcontrollinginterest": -1166727000,
        "comprehensiveincomenetoftaxattributabletononcontrollinginterest": 42007000,
        "comprehensiveincomenetoftax": 1329458000,
        "earningspersharebasic": 66.49000000000001,
        "earningspersharediluted": 66.36999999999998
    },
    {
        "date": "2024-06-29",
        "symbol": "MKL",
        "period": "Q2",
        "premiumsearnednet": 2077099000,
        "netinvestmentincome": 223061000,
        "netinvestmentgainslosses": -130017000,
        "productsrevenues": 847219000,
        "servicesandotherrevenues": 684481000,
        "revenues": 3701843000,
        "policyholderbenefitsandclaimsincurrednet": 1232575000,
        "underwritingacquisitionandinsuranceexpenses": 710295000,
        "productsexpenses": 693693000,
        "servicesandotherexpenses": 611063000,
        "amortizationofintangibleassets": 44237000,
        "costsandexpenses": 3291863000,
        "operatingincomeloss": 409980000,
        "interestexpense": 52597000,
        "foreigncurrencytransactiongainlossrealized": 8711000,
        "incomelossfromcontinuingoperationsbeforeincometaxesextraordinaryitemsnoncontrollinginterest": 366094000,
        "incometaxexpensebenefit": 76244000,
        "profitloss": 289850000,
        "netincomelossattributabletononcontrollinginterest": 22149000,
        "netincomeloss": 267701000,
        "preferredstockdividendsincomestatementimpact": 18000000,
        "netincomelossavailabletocommonstockholdersbasic": 249701000,
        "othercomprehensiveincomeunrealizedholdinggainlossonsecuritiesarisingduringperiodnetoftax": -40299000,
        "reclassificationadjustmentsfornetgainslossesincludedinnetincomeloss": -11429000,
        "othercomprehensiveincomelossavailableforsalesecuritiesadjustmentnetoftax": -28870000,
        "ociliabilityforfuturepolicybenefitgainlossafterreclassificationadjustmentandtax": 5973000,
        "othercomprehensiveincomelossforeigncurrencytransactionandtranslationadjustmentnetoftax": -455000,
        "othercomprehensiveincomelosspensionandotherpostretirementbenefitplansadjustmentnetoftax": -19000,
        "othercomprehensiveincomelossnetoftax": -23333000,
        "comprehensiveincomenetoftaxincludingportionattributabletononcontrollinginterest": 266517000,
        "comprehensiveincomenetoftaxattributabletononcontrollinginterest": 22161000,
        "comprehensiveincomenetoftax": 244356000,
        "earningspersharebasic": 18.66,
        "earningspersharediluted": 18.62
    },
    {
        "date": "2024-03-30",
        "symbol": "MKL",
        "period": "Q1",
        "premiumsearnednet": 2127627000,
        "netinvestmentincome": 218269000,
        "netinvestmentgainslosses": 902281000,
        "productsrevenues": 600840000,
        "servicesandotherrevenues": 617638000,
        "revenues": 4466655000,
        "incurredclaimspropertycasualtyandliability": 1287747000,
        "underwritingacquisitionandinsuranceexpenses": 738752000,
        "productsexpenses": 523247000,
        "servicesandotherexpenses": 536838000,
        "amortizationofintangibleassets": 44285000,
        "costsandexpenses": 3130869000,
        "operatingincomeloss": 1335786000,
        "interestexpense": 45548000,
        "foreigncurrencytransactiongainlossrealized": 51500000,
        "incomelossfromcontinuingoperationsbeforeincometaxesextraordinaryitemsnoncontrollinginterest": 1341738000,
        "incometaxexpensebenefit": 292556000,
        "profitloss": 1049182000,
        "netincomelossattributabletononcontrollinginterest": 23998000,
        "netincomeloss": 1025184000,
        "netincomelossavailabletocommonstockholdersbasic": 1025184000,
        "othercomprehensiveincomeunrealizedholdinggainlossonsecuritiesarisingduringperiodnetoftax": -128425000,
        "reclassificationadjustmentsfornetgainslossesincludedinnetincomeloss": -5723000,
        "othercomprehensiveincomelossavailableforsalesecuritiesadjustmentnetoftax": -122702000,
        "ociliabilityforfuturepolicybenefitgainlossafterreclassificationadjustmentandtax": 6418000,
        "othercomprehensiveincomelossforeigncurrencytransactionandtranslationadjustmentnetoftax": -475000,
        "othercomprehensiveincomelosspensionandotherpostretirementbenefitplansadjustmentnetoftax": -20000,
        "othercomprehensiveincomelossnetoftax": -116739000,
        "comprehensiveincomenetoftaxincludingportionattributabletononcontrollinginterest": 932443000,
        "comprehensiveincomenetoftaxattributabletononcontrollinginterest": 24058000,
        "comprehensiveincomenetoftax": 908385000,
        "earningspersharebasic": 75.56,
        "earningspersharediluted": 75.43
    },
    {
        "date": "2023-12-30",
        "symbol": "MKL",
        "period": "Q4",
        "premiumsearnednet": 2174887000,
        "netinvestmentincome": 213297000,
        "netinvestmentgainslosses": 932881000,
        "productsrevenues": 580721000,
        "servicesandotherrevenues": 740733000,
        "revenues": 4642519000,
        "incurredclaimspropertycasualtyandliability": 1556794000,
        "underwritingacquisitionandinsuranceexpenses": 769013000,
        "productsexpenses": 507884000,
        "servicesandotherexpenses": 632523000,
        "amortizationofintangibleassets": 44247000,
        "costsandexpenses": 3510461000,
        "operatingincomeloss": 1132058000,
        "interestexpense": 43865000,
        "foreigncurrencytransactiongainlossrealized": -81387000,
        "incomelossfromcontinuingoperationsbeforeincometaxesextraordinaryitemsnoncontrollinginterest": 1006806000,
        "incometaxexpensebenefit": 212713000,
        "profitloss": 794093000,
        "netincomelossattributabletononcontrollinginterest": 24787000,
        "netincomeloss": 769306000,
        "netincomelossavailabletocommonstockholdersbasic": 751306000,
        "othercomprehensiveincomeunrealizedholdinggainlossonsecuritiesarisingduringperiodnetoftax": 439478000,
        "reclassificationadjustmentsfornetgainslossesincludedinnetincomeloss": -2272000,
        "othercomprehensiveincomelossavailableforsalesecuritiesadjustmentnetoftax": 441750000,
        "othercomprehensiveincomelossforeigncurrencytransactionandtranslationadjustmentnetoftax": 1951000,
        "othercomprehensiveincomelosspensionandotherpostretirementbenefitplansadjustmentnetoftax": -18000,
        "othercomprehensiveincomelossnetoftax": 412595000,
        "comprehensiveincomenetoftaxincludingportionattributabletononcontrollinginterest": 1206688000,
        "comprehensiveincomenetoftaxattributabletononcontrollinginterest": 24758000,
        "comprehensiveincomenetoftax": 1181930000,
        "earningspersharebasic": 56.46000000000001,
        "earningspersharediluted": 56.289999999999985
    },
    {
        "date": "2023-09-29",
        "symbol": "MKL",
        "period": "Q3",
        "premiumsearnednet": 2121745000,
        "netinvestmentincome": 192207000,
        "netinvestmentgainslosses": -265917000,
        "productsrevenues": 601524000,
        "servicesandotherrevenues": 725627000,
        "revenues": 3375186000,
        "incurredclaimspropertycasualtyandliability": 1404325000,
        "underwritingacquisitionandinsuranceexpenses": 698129000,
        "productsexpenses": 545567000,
        "servicesandotherexpenses": 606810000,
        "amortizationofintangibleassets": 47545000,
        "costsandexpenses": 3302376000,
        "operatingincomeloss": 72810000,
        "interestexpense": 44553000,
        "foreigncurrencytransactiongainlossrealized": 39246000,
        "incomelossfromcontinuingoperationsbeforeincometaxesextraordinaryitemsnoncontrollinginterest": 67503000,
        "incometaxexpensebenefit": 14235000,
        "profitloss": 53268000,
        "netincomelossattributabletononcontrollinginterest": 10677000,
        "netincomeloss": 42591000,
        "netincomelossavailabletocommonstockholdersbasic": 42591000,
        "othercomprehensiveincomeunrealizedholdinggainlossonsecuritiesarisingduringperiodnetoftax": -187330000,
        "reclassificationadjustmentsfornetgainslossesincludedinnetincomeloss": -22869000,
        "othercomprehensiveincomelossavailableforsalesecuritiesadjustmentnetoftax": -164461000,
        "othercomprehensiveincomelossforeigncurrencytransactionandtranslationadjustmentnetoftax": -187000,
        "othercomprehensiveincomelosspensionandotherpostretirementbenefitplansadjustmentnetoftax": -20000,
        "othercomprehensiveincomelossnetoftax": -150019000,
        "comprehensiveincomenetoftaxincludingportionattributabletononcontrollinginterest": -96751000,
        "comprehensiveincomenetoftaxattributabletononcontrollinginterest": 10749000,
        "comprehensiveincomenetoftax": -107500000,
        "earningspersharebasic": 3.3299999999999983,
        "earningspersharediluted": 3.3399999999999963
    },
    {
        "date": "2023-06-29",
        "symbol": "MKL",
        "period": "Q2",
        "premiumsearnednet": 2031143000,
        "netinvestmentincome": 169693000,
        "netinvestmentgainslosses": 484527000,
        "productsrevenues": 784882000,
        "servicesandotherrevenues": 672291000,
        "revenues": 4142536000,
        "incurredclaimspropertycasualtyandliability": 1187876000,
        "underwritingacquisitionandinsuranceexpenses": 697887000,
        "productsexpenses": 651469000,
        "servicesandotherexpenses": 590817000,
        "amortizationofintangibleassets": 44423000,
        "costsandexpenses": 3172472000,
        "operatingincomeloss": 970064000,
        "interestexpense": 47221000,
        "foreigncurrencytransactiongainlossrealized": -14976000,
        "incomelossfromcontinuingoperationsbeforeincometaxesextraordinaryitemsnoncontrollinginterest": 907867000,
        "incometaxexpensebenefit": 191937000,
        "profitloss": 715930000,
        "netincomelossattributabletononcontrollinginterest": 20419000,
        "netincomeloss": 695511000,
        "preferredstockdividendsincomestatementimpact": 18000000,
        "netincomelossavailabletocommonstockholdersbasic": 677511000,
        "othercomprehensiveincomeunrealizedholdinggainlossonsecuritiesarisingduringperiodnetoftax": -134991000,
        "reclassificationadjustmentsfornetgainslossesincludedinnetincomeloss": -405000,
        "othercomprehensiveincomelossavailableforsalesecuritiesadjustmentnetoftax": -134586000,
        "ociliabilityforfuturepolicybenefitgainlossafterreclassificationadjustmentandtax": 3224000,
        "othercomprehensiveincomelossforeigncurrencytransactionandtranslationadjustmentnetoftax": 361000,
        "othercomprehensiveincomelosspensionandotherpostretirementbenefitplansadjustmentnetoftax": -18000,
        "othercomprehensiveincomelossnetoftax": -130983000,
        "comprehensiveincomenetoftaxincludingportionattributabletononcontrollinginterest": 584947000,
        "comprehensiveincomenetoftaxattributabletononcontrollinginterest": 20398000,
        "comprehensiveincomenetoftax": 564549000,
        "earningspersharebasic": 50.2,
        "earningspersharediluted": 50.09
    },
    {
        "date": "2023-03-30",
        "symbol": "MKL",
        "period": "Q1",
        "premiumsearnednet": 1967704000,
        "netinvestmentincome": 159335000,
        "netinvestmentgainslosses": 372563000,
        "productsrevenues": 577926000,
        "servicesandotherrevenues": 565861000,
        "revenues": 3643389000,
        "incurredclaimspropertycasualtyandliability": 1173014000,
        "underwritingacquisitionandinsuranceexpenses": 675705000,
        "productsexpenses": 515756000,
        "servicesandotherexpenses": 480619000,
        "amortizationofintangibleassets": 44399000,
        "costsandexpenses": 2889493000,
        "operatingincomeloss": 753896000,
        "interestexpense": 49438000,
        "foreigncurrencytransactiongainlossrealized": -32928000,
        "incomelossfromcontinuingoperationsbeforeincometaxesextraordinaryitemsnoncontrollinginterest": 671530000,
        "incometaxexpensebenefit": 133731000,
        "profitloss": 537799000,
        "netincomelossattributabletononcontrollinginterest": 49147000,
        "netincomeloss": 488652000,
        "netincomelossavailabletocommonstockholdersbasic": 488652000,
        "othercomprehensiveincomeunrealizedholdinggainlossonsecuritiesarisingduringperiodnetoftax": 161206000,
        "reclassificationadjustmentsfornetgainslossesincludedinnetincomeloss": -2994000,
        "othercomprehensiveincomelossavailableforsalesecuritiesadjustmentnetoftax": 164200000,
        "changeindiscountratelifeandannuitybenefitsnetoftaxes": -9052000,
        "othercomprehensiveincomelossforeigncurrencytransactionandtranslationadjustmentnetoftax": 2579000,
        "othercomprehensiveincomelosspensionandotherpostretirementbenefitplansadjustmentnetoftax": -18000,
        "othercomprehensiveincomelossnetoftax": 157745000,
        "comprehensiveincomenetoftaxincludingportionattributabletononcontrollinginterest": 695544000,
        "comprehensiveincomenetoftaxattributabletononcontrollinginterest": 49179000,
        "comprehensiveincomenetoftax": 646365000,
        "earningspersharebasic": 37.33,
        "earningspersharediluted": 37.26
    },
    {
        "date": "2022-12-30",
        "symbol": "MKL",
        "period": "Q4",
        "premiumsearnednet": 2038088000,
        "netinvestmentincome": 172632000,
        "netinvestmentgainslosses": 598792000,
        "productsrevenues": 581985000,
        "servicesandotherrevenues": 819250000,
        "revenues": 4210747000,
        "incurredclaimspropertycasualtyandliability": 1229094000,
        "underwritingacquisitionandinsuranceexpenses": 672477000,
        "productsexpenses": 515369000,
        "servicesandotherexpenses": 614432000,
        "amortizationofintangibleassets": 43788000,
        "costsandexpenses": 3155160000,
        "operatingincomeloss": 1055587000,
        "interestexpense": 48972000,
        "foreigncurrencytransactiongainlossrealized": -105147000,
        "incomelossfromcontinuingoperationsbeforeincometaxesextraordinaryitemsnoncontrollinginterest": 901468000,
        "incometaxexpensebenefit": 191900000,
        "profitloss": 709568000,
        "netincomelossattributabletononcontrollinginterest": 19858000,
        "netincomeloss": 689710000,
        "netincomelossavailabletocommonstockholdersbasic": 671710000,
        "othercomprehensiveincomeunrealizedholdinggainlossonsecuritiesarisingduringperiodnetoftax": 108785000,
        "reclassificationadjustmentsfornetgainslossesincludedinnetincomeloss": -42617000,
        "othercomprehensiveincomelossavailableforsalesecuritiesadjustmentnetoftax": 151402000,
        "othercomprehensiveincomelossforeigncurrencytransactionandtranslationadjustmentnetoftax": 5136000,
        "othercomprehensiveincomelosspensionandotherpostretirementbenefitplansadjustmentnetoftax": -22922000,
        "othercomprehensiveincomelossnetoftax": 179460000,
        "comprehensiveincomenetoftaxincludingportionattributabletononcontrollinginterest": 889028000,
        "comprehensiveincomenetoftaxattributabletononcontrollinginterest": 19941000,
        "comprehensiveincomenetoftax": 869087000,
        "earningspersharebasic": 48.74,
        "earningspersharediluted": 48.74
    },
    {
        "date": "2022-09-29",
        "symbol": "MKL",
        "period": "Q3",
        "premiumsearnednet": 1956830000,
        "netinvestmentincome": 107731000,
        "netinvestmentgainslosses": -281483000,
        "productsrevenues": 586531000,
        "servicesandotherrevenues": 696536000,
        "revenues": 3066145000,
        "incurredclaimspropertycasualtyandliability": 1185313000,
        "underwritingacquisitionandinsuranceexpenses": 643272000,
        "productsexpenses": 580830000,
        "servicesandotherexpenses": 540569000,
        "amortizationofintangibleassets": 43418000,
        "costsandexpenses": 2993402000,
        "operatingincomeloss": 72743000,
        "interestexpense": 47348000,
        "foreigncurrencytransactiongainlossrealized": 115130000,
        "incomelossfromcontinuingoperationsbeforeincometaxesextraordinaryitemsnoncontrollinginterest": 140525000,
        "incometaxexpensebenefit": 17995000,
        "profitloss": 122530000,
        "netincomelossattributabletononcontrollinginterest": 57161000,
        "netincomeloss": 65369000,
        "netincomelossavailabletocommonstockholdersbasic": 65369000,
        "othercomprehensiveincomeunrealizedholdinggainlossonsecuritiesarisingduringperiodnetoftax": -424929000,
        "reclassificationadjustmentsfornetgainslossesincludedinnetincomeloss": -591000,
        "othercomprehensiveincomelossavailableforsalesecuritiesadjustmentnetoftax": -424338000,
        "othercomprehensiveincomelossforeigncurrencytransactionandtranslationadjustmentnetoftax": -8872000,
        "othercomprehensiveincomelosspensionandotherpostretirementbenefitplansadjustmentnetoftax": -303000,
        "othercomprehensiveincomelossnetoftax": -432907000,
        "comprehensiveincomenetoftaxincludingportionattributabletononcontrollinginterest": -310377000,
        "comprehensiveincomenetoftaxattributabletononcontrollinginterest": 57051000,
        "comprehensiveincomenetoftax": -367428000,
        "earningspersharebasic": 3.4599999999999955,
        "earningspersharediluted": 3.4599999999999955
    },
    {
        "date": "2022-06-29",
        "symbol": "MKL",
        "period": "Q2",
        "premiumsearnednet": 1833104000,
        "netinvestmentincome": 93658000,
        "netinvestmentgainslosses": -1554643000,
        "productsrevenues": 776959000,
        "servicesandotherrevenues": 643129000,
        "revenues": 1792207000,
        "incurredclaimspropertycasualtyandliability": 1058810000,
        "underwritingacquisitionandinsuranceexpenses": 609469000,
        "productsexpenses": 697718000,
        "servicesandotherexpenses": 559858000,
        "amortizationofintangibleassets": 45523000,
        "costsandexpenses": 2971378000,
        "operatingincomeloss": -1179171000,
        "interestexpense": 50050000,
        "foreigncurrencytransactiongainlossrealized": 106732000,
        "incomelossfromcontinuingoperationsbeforeincometaxesextraordinaryitemsnoncontrollinginterest": -1122489000,
        "incometaxexpensebenefit": -239102000,
        "profitloss": -883387000,
        "netincomelossattributabletononcontrollinginterest": 32972000,
        "netincomeloss": -916359000,
        "preferredstockdividendsincomestatementimpact": 18000000,
        "netincomelossavailabletocommonstockholdersbasic": -934359000,
        "othercomprehensiveincomeunrealizedholdinggainlossonsecuritiesarisingduringperiodnetoftax": -362392000,
        "reclassificationadjustmentsfornetgainslossesincludedinnetincomeloss": -1261000,
        "othercomprehensiveincomelossavailableforsalesecuritiesadjustmentnetoftax": -361131000,
        "othercomprehensiveincomelossforeigncurrencytransactionandtranslationadjustmentnetoftax": -4275000,
        "othercomprehensiveincomelosspensionandotherpostretirementbenefitplansadjustmentnetoftax": -373000,
        "othercomprehensiveincomelossnetoftax": -365033000,
        "comprehensiveincomenetoftaxincludingportionattributabletononcontrollinginterest": -1248420000,
        "comprehensiveincomenetoftaxattributabletononcontrollinginterest": 33029000,
        "comprehensiveincomenetoftax": -1281449000,
        "earningspersharebasic": -69.19,
        "earningspersharediluted": -69.19
    },
    {
        "date": "2022-03-30",
        "symbol": "MKL",
        "period": "Q1",
        "premiumsearnednet": 1759770000,
        "netinvestmentincome": 72734000,
        "netinvestmentgainslosses": -358399000,
        "productsrevenues": 481621000,
        "servicesandotherrevenues": 650510000,
        "revenues": 2606236000,
        "incurredclaimspropertycasualtyandliability": 972372000,
        "underwritingacquisitionandinsuranceexpenses": 590365000,
        "productsexpenses": 447819000,
        "servicesandotherexpenses": 591776000,
        "amortizationofintangibleassets": 46049000,
        "costsandexpenses": 2648381000,
        "operatingincomeloss": -42145000,
        "interestexpense": 49692000,
        "foreigncurrencytransactiongainlossrealized": 23494000,
        "incomelossfromcontinuingoperationsbeforeincometaxesextraordinaryitemsnoncontrollinginterest": -68343000,
        "incometaxexpensebenefit": -18429000,
        "profitloss": -49914000,
        "netincomelossattributabletononcontrollinginterest": 2929000,
        "netincomeloss": -52843000,
        "netincomelossavailabletocommonstockholdersbasic": -52843000,
        "othercomprehensiveincomeunrealizedholdinggainlossonsecuritiesarisingduringperiodnetoftax": -476518000,
        "reclassificationadjustmentsfornetgainslossesincludedinnetincomeloss": -437000,
        "othercomprehensiveincomelossavailableforsalesecuritiesadjustmentnetoftax": -476081000,
        "othercomprehensiveincomelossforeigncurrencytransactionandtranslationadjustmentnetoftax": -1248000,
        "othercomprehensiveincomelosspensionandotherpostretirementbenefitplansadjustmentnetoftax": -1132000,
        "othercomprehensiveincomelossnetoftax": -476197000,
        "comprehensiveincomenetoftaxincludingportionattributabletononcontrollinginterest": -526111000,
        "comprehensiveincomenetoftaxattributabletononcontrollinginterest": 2916000,
        "comprehensiveincomenetoftax": -529027000,
        "earningspersharebasic": -6.58,
        "earningspersharediluted": -6.58
    },
    {
        "date": "2021-12-30",
        "symbol": "MKL",
        "period": "Q4",
        "premiumsearnednet": 1806797000,
        "netinvestmentincome": 90506000,
        "netinvestmentgainslosses": 802743000,
        "productsrevenues": 384976000,
        "servicesandotherrevenues": 673083000,
        "revenues": 3758105000,
        "incurredclaimspropertycasualtyandliability": 938091000,
        "underwritingacquisitionandinsuranceexpenses": 648876000,
        "productsexpenses": 371371000,
        "servicesandotherexpenses": 580593000,
        "amortizationofintangibleassets": 41989000,
        "costsandexpenses": 2580920000,
        "operatingincomeloss": 1177185000,
        "interestexpense": 48167000,
        "foreigncurrencytransactiongainlossrealized": 10594000,
        "incomelossfromcontinuingoperationsbeforeincometaxesextraordinaryitemsnoncontrollinginterest": 1139612000,
        "incometaxexpensebenefit": 264560000,
        "profitloss": 875052000,
        "netincomelossattributabletononcontrollinginterest": 3923000,
        "netincomeloss": 871129000,
        "netincomelossavailabletocommonstockholdersbasic": 853129000,
        "othercomprehensiveincomeunrealizedholdinggainlossonsecuritiesarisingduringperiodnetoftax": -85636000,
        "reclassificationadjustmentsfornetgainslossesincludedinnetincomeloss": 2816000,
        "othercomprehensiveincomelossavailableforsalesecuritiesadjustmentnetoftax": -88452000,
        "othercomprehensiveincomelossforeigncurrencytransactionandtranslationadjustmentnetoftax": 117000,
        "othercomprehensiveincomelosspensionandotherpostretirementbenefitplansadjustmentnetoftax": -6558000,
        "othercomprehensiveincomelossnetoftax": -81777000,
        "comprehensiveincomenetoftaxincludingportionattributabletononcontrollinginterest": 793275000,
        "comprehensiveincomenetoftaxattributabletononcontrollinginterest": 3918000,
        "comprehensiveincomenetoftax": 789357000,
        "earningspersharebasic": 62.52999999999997,
        "earningspersharediluted": 62.30999999999998
    },
    {
        "date": "2021-09-29",
        "symbol": "MKL",
        "period": "Q3",
        "premiumsearnednet": 1630500000,
        "netinvestmentincome": 91264000,
        "netinvestmentgainslosses": -25833000,
        "productsrevenues": 405711000,
        "servicesandotherrevenues": 585712000,
        "revenues": 2687354000,
        "incurredclaimspropertycasualtyandliability": 948241000,
        "underwritingacquisitionandinsuranceexpenses": 569756000,
        "productsexpenses": 374407000,
        "servicesandotherexpenses": 513994000,
        "amortizationofintangibleassets": 39268000,
        "costsandexpenses": 2445666000,
        "operatingincomeloss": 241688000,
        "interestexpense": 46455000,
        "foreigncurrencytransactiongainlossrealized": 48850000,
        "incomelossfromcontinuingoperationsbeforeincometaxesextraordinaryitemsnoncontrollinginterest": 244083000,
        "incometaxexpensebenefit": 54415000,
        "profitloss": 189668000,
        "netincomelossattributabletononcontrollinginterest": 1598000,
        "netincomeloss": 188070000,
        "netincomelossavailabletocommonstockholdersbasic": 188070000,
        "othercomprehensiveincomeunrealizedholdinggainlossonsecuritiesarisingduringperiodnetoftax": -104238000,
        "reclassificationadjustmentsfornetgainslossesincludedinnetincomeloss": -224000,
        "othercomprehensiveincomelossavailableforsalesecuritiesadjustmentnetoftax": -104014000,
        "othercomprehensiveincomelossforeigncurrencytransactionandtranslationadjustmentnetoftax": -4437000,
        "othercomprehensiveincomelosspensionandotherpostretirementbenefitplansadjustmentnetoftax": -586000,
        "othercomprehensiveincomelossnetoftax": -107865000,
        "comprehensiveincomenetoftaxincludingportionattributabletononcontrollinginterest": 81803000,
        "comprehensiveincomenetoftaxattributabletononcontrollinginterest": 1567000,
        "comprehensiveincomenetoftax": 80236000,
        "earningspersharebasic": 15.18,
        "earningspersharediluted": 15.159999999999997
    },
    {
        "date": "2021-06-29",
        "symbol": "MKL",
        "period": "Q2",
        "premiumsearnednet": 1568037000,
        "netinvestmentincome": 96261000,
        "netinvestmentgainslosses": 674753000,
        "productsrevenues": 592601000,
        "servicesandotherrevenues": 569120000,
        "revenues": 3500772000,
        "incurredclaimspropertycasualtyandliability": 814955000,
        "underwritingacquisitionandinsuranceexpenses": 548364000,
        "productsexpenses": 502202000,
        "servicesandotherexpenses": 516251000,
        "amortizationofintangibleassets": 39729000,
        "costsandexpenses": 2421501000,
        "operatingincomeloss": 1079271000,
        "interestexpense": 46568000,
        "foreigncurrencytransactiongainlossrealized": -12257000,
        "incomelossfromcontinuingoperationsbeforeincometaxesextraordinaryitemsnoncontrollinginterest": 1020446000,
        "incometaxexpensebenefit": 217112000,
        "profitloss": 803334000,
        "netincomelossattributabletononcontrollinginterest": 11224000,
        "netincomeloss": 792110000,
        "preferredstockdividendsincomestatementimpact": 18000000,
        "netincomelossavailabletocommonstockholdersbasic": 774110000,
        "othercomprehensiveincomeunrealizedholdinggainlossonsecuritiesarisingduringperiodnetoftax": 55935000,
        "reclassificationadjustmentsfornetgainslossesincludedinnetincomeloss": 3943000,
        "othercomprehensiveincomelossavailableforsalesecuritiesadjustmentnetoftax": 51992000,
        "othercomprehensiveincomelossforeigncurrencytransactionandtranslationadjustmentnetoftax": 4915000,
        "othercomprehensiveincomelosspensionandotherpostretirementbenefitplansadjustmentnetoftax": -654000,
        "othercomprehensiveincomelossnetoftax": 57561000,
        "comprehensiveincomenetoftaxincludingportionattributabletononcontrollinginterest": 860895000,
        "comprehensiveincomenetoftaxattributabletononcontrollinginterest": 11241000,
        "comprehensiveincomenetoftax": 849654000,
        "earningspersharebasic": 57.12,
        "earningspersharediluted": 57.02
    },
    {
        "date": "2021-03-30",
        "symbol": "MKL",
        "period": "Q1",
        "premiumsearnednet": 1497695000,
        "netinvestmentincome": 96570000,
        "netinvestmentgainslosses": 526871000,
        "productsrevenues": 328832000,
        "servicesandotherrevenues": 450226000,
        "revenues": 2900194000,
        "incurredclaimspropertycasualtyandliability": 879918000,
        "underwritingacquisitionandinsuranceexpenses": 526743000,
        "productsexpenses": 296526000,
        "servicesandotherexpenses": 412097000,
        "amortizationofintangibleassets": 39553000,
        "costsandexpenses": 2154837000,
        "operatingincomeloss": 745357000,
        "interestexpense": 42389000,
        "foreigncurrencytransactiongainlossrealized": 25084000,
        "incomelossfromcontinuingoperationsbeforeincometaxesextraordinaryitemsnoncontrollinginterest": 728052000,
        "incometaxexpensebenefit": 148371000,
        "profitloss": 579681000,
        "netincomelossattributabletononcontrollinginterest": 5987000,
        "netincomeloss": 573694000,
        "netincomelossavailabletocommonstockholdersbasic": 573694000,
        "othercomprehensiveincomeunrealizedholdinggainlossonsecuritiesarisingduringperiodnetoftax": -214376000,
        "reclassificationadjustmentsfornetgainslossesincludedinnetincomeloss": 88000,
        "othercomprehensiveincomelossavailableforsalesecuritiesadjustmentnetoftax": -214464000,
        "othercomprehensiveincomelossforeigncurrencytransactionandtranslationadjustmentnetoftax": -808000,
        "othercomprehensiveincomelosspensionandotherpostretirementbenefitplansadjustmentnetoftax": -592000,
        "othercomprehensiveincomelossnetoftax": -214680000,
        "comprehensiveincomenetoftaxincludingportionattributabletononcontrollinginterest": 365001000,
        "comprehensiveincomenetoftaxattributabletononcontrollinginterest": 6004000,
        "comprehensiveincomenetoftax": 358997000,
        "earningspersharebasic": 42.09,
        "earningspersharediluted": 42.02
    },
    {
        "date": "2020-12-30",
        "symbol": "MKL",
        "period": "Q4",
        "premiumsearnednet": 1526894000,
        "netinvestmentincome": 97588000,
        "netinvestmentgainslosses": 848875000,
        "productsrevenues": 321734000,
        "servicesandotherrevenues": 560559000,
        "revenues": 3355650000,
        "incurredclaimspropertycasualtyandliability": 814150000,
        "underwritingacquisitionandinsuranceexpenses": 540278000,
        "productsexpenses": 281234000,
        "servicesandotherexpenses": -983272000,
        "amortizationofintangibleassets": 39039000,
        "costsandexpenses": 2211088000,
        "operatingincomeloss": 1144562000,
        "interestexpense": 44381000,
        "foreigncurrencytransactiongainlossrealized": -87117000,
        "incomelossfromcontinuingoperationsbeforeincometaxesextraordinaryitemsnoncontrollinginterest": 1013064000,
        "incometaxexpensebenefit": 165635000,
        "profitloss": 847429000,
        "netincomelossattributabletononcontrollinginterest": 130000,
        "netincomeloss": 847299000,
        "othercomprehensiveincomeunrealizedholdinggainlossonsecuritiesarisingduringperiodnetoftax": 54672000,
        "reclassificationadjustmentsfornetgainslossesincludedinnetincomeloss": -174000,
        "othercomprehensiveincomelossavailableforsalesecuritiesadjustmentnetoftax": 54846000,
        "othercomprehensiveincomelossforeigncurrencytransactionandtranslationadjustmentnetoftax": 38230000,
        "othercomprehensiveincomelossnetoftax": 84656000,
        "comprehensiveincomenetoftaxincludingportionattributabletononcontrollinginterest": 932085000,
        "comprehensiveincomenetoftaxattributabletononcontrollinginterest": 124000,
        "comprehensiveincomenetoftax": 931961000,
        "earningspersharebasic": 59.38999999999999,
        "earningspersharediluted": 59.449999999999996
    },
    {
        "date": "2020-09-29",
        "symbol": "MKL",
        "period": "Q3",
        "premiumsearnednet": 1394428000,
        "netinvestmentincome": 90384000,
        "marketablesecuritiesrealizedgainlossexcludingotherthantemporaryimpairments": 4935000,
        "equitysecuritiesfvnigainloss": 534367000,
        "netinvestmentgainslosses": 539302000,
        "productsrevenues": 342039000,
        "servicesandotherrevenues": 545582000,
        "revenues": 2911735000,
        "incurredclaimspropertycasualtyandliability": 863247000,
        "underwritingacquisitionandinsuranceexpenses": 492824000,
        "productsexpenses": 296371000,
        "servicesandotherexpenses": 522237000,
        "amortizationofintangibleassets": 44664000,
        "costsandexpenses": 2219343000,
        "operatingincomeloss": 692392000,
        "interestexpense": 42744000,
        "foreigncurrencytransactiongainlossrealized": -65577000,
        "incomelossfromcontinuingoperationsbeforeincometaxesextraordinaryitemsnoncontrollinginterest": 584071000,
        "incometaxexpensebenefit": 130028000,
        "profitloss": 454043000,
        "netincomelossattributabletononcontrollinginterest": 1317000,
        "netincomeloss": 452726000,
        "netincomelossavailabletocommonstockholdersbasic": 452726000,
        "othercomprehensiveincomeunrealizedholdinggainlossonsecuritiesarisingduringperiodnetoftax": 64449000,
        "reclassificationadjustmentsfornetgainslossesincludedinnetincomeloss": 3362000,
        "othercomprehensiveincomelossavailableforsalesecuritiesadjustmentnetoftax": 61087000,
        "othercomprehensiveincomelossforeigncurrencytransactionandtranslationadjustmentnetoftax": 5756000,
        "othercomprehensiveincomelosspensionandotherpostretirementbenefitplansadjustmentnetoftax": -538000,
        "othercomprehensiveincomelossnetoftax": 67381000,
        "comprehensiveincomenetoftaxincludingportionattributabletononcontrollinginterest": 521424000,
        "comprehensiveincomenetoftaxattributabletononcontrollinginterest": 1335000,
        "comprehensiveincomenetoftax": 520089000,
        "earningspersharebasic": 31.07,
        "earningspersharediluted": 31.03
    },
    {
        "date": "2020-06-29",
        "symbol": "MKL",
        "period": "Q2",
        "premiumsearnednet": 1360174000,
        "netinvestmentincome": 95615000,
        "marketablesecuritiesrealizedgainlossexcludingotherthantemporaryimpairments": -2812000,
        "equitysecuritiesfvnigainloss": 914055000,
        "netinvestmentgainslosses": 911243000,
        "productsrevenues": 423581000,
        "servicesandotherrevenues": 341402000,
        "revenues": 3132015000,
        "incurredclaimspropertycasualtyandliability": 713216000,
        "underwritingacquisitionandinsuranceexpenses": 489362000,
        "productsexpenses": 364483000,
        "servicesandotherexpenses": 284940000,
        "amortizationofintangibleassets": 37754000,
        "costsandexpenses": 1889755000,
        "operatingincomeloss": 1242260000,
        "interestexpense": 45427000,
        "foreigncurrencytransactiongainlossrealized": -21460000,
        "incomelossfromcontinuingoperationsbeforeincometaxesextraordinaryitemsnoncontrollinginterest": 1175373000,
        "incometaxexpensebenefit": 243702000,
        "profitloss": 931671000,
        "netincomelossattributabletononcontrollinginterest": 9903000,
        "netincomeloss": 921768000,
        "netincomelossavailabletocommonstockholdersbasic": 921768000,
        "othercomprehensiveincomeunrealizedholdinggainlossonsecuritiesarisingduringperiodnetoftax": 172661000,
        "reclassificationadjustmentsfornetgainslossesincludedinnetincomeloss": 1385000,
        "othercomprehensiveincomelossavailableforsalesecuritiesadjustmentnetoftax": 171276000,
        "othercomprehensiveincomelossforeigncurrencytransactionandtranslationadjustmentnetoftax": -1405000,
        "othercomprehensiveincomelosspensionandotherpostretirementbenefitplansadjustmentnetoftax": -884000,
        "othercomprehensiveincomelossnetoftax": 170755000,
        "comprehensiveincomenetoftaxincludingportionattributabletononcontrollinginterest": 1102426000,
        "comprehensiveincomenetoftaxattributabletononcontrollinginterest": 10033000,
        "comprehensiveincomenetoftax": 1092393000,
        "earningspersharebasic": 65.81,
        "earningspersharediluted": 65.75
    },
    {
        "date": "2020-03-30",
        "symbol": "MKL",
        "period": "Q1",
        "premiumsearnednet": 1330709000,
        "netinvestmentincome": 88243000,
        "marketablesecuritiesrealizedgainlossexcludingotherthantemporaryimpairments": 9738000,
        "equitysecuritiesfvnigainloss": -1691179000,
        "netinvestmentgainslosses": -1681441000,
        "productsrevenues": 352161000,
        "servicesandotherrevenues": 245994000,
        "revenues": 335666000,
        "incurredclaimspropertycasualtyandliability": 1076348000,
        "underwritingacquisitionandinsuranceexpenses": 495163000,
        "productsexpenses": 314071000,
        "servicesandotherexpenses": 217556000,
        "amortizationofintangibleassets": 37858000,
        "costsandexpenses": 2140996000,
        "operatingincomeloss": -1805330000,
        "interestexpense": 45030000,
        "foreigncurrencytransactiongainlossrealized": 78301000,
        "incomelossfromcontinuingoperationsbeforeincometaxesextraordinaryitemsnoncontrollinginterest": -1772059000,
        "incometaxexpensebenefit": -370683000,
        "profitloss": -1401376000,
        "netincomelossattributabletononcontrollinginterest": 4387000,
        "netincomeloss": -1405763000,
        "othercomprehensiveincomeunrealizedholdinggainlossonsecuritiesarisingduringperiodnetoftax": 64377000,
        "reclassificationadjustmentsfornetgainslossesincludedinnetincomeloss": -1187000,
        "othercomprehensiveincomelossavailableforsalesecuritiesadjustmentnetoftax": 65564000,
        "othercomprehensiveincomelossforeigncurrencytransactionandtranslationadjustmentnetoftax": -12734000,
        "othercomprehensiveincomelossnetoftax": 52830000,
        "comprehensiveincomenetoftaxincludingportionattributabletononcontrollinginterest": -1348546000,
        "comprehensiveincomenetoftaxattributabletononcontrollinginterest": 4263000,
        "comprehensiveincomenetoftax": -1352809000,
        "earningspersharebasic": -100.6,
        "earningspersharediluted": -100.6
    },
    {
        "date": "2019-09-29",
        "symbol": "MKL",
        "period": "Q3",
        "premiumsearnednet": 1300032000,
        "netinvestmentincome": 113382000,
        "marketablesecuritiesrealizedgainlossexcludingotherthantemporaryimpairments": 150000,
        "equitysecuritiesfvnigainloss": 31994000,
        "netinvestmentgainslosses": 32144000,
        "productsrevenues": 386708000,
        "servicesandotherrevenues": 200792000,
        "revenues": 2033058000,
        "incurredclaimspropertycasualtyandliability": 752134000,
        "underwritingacquisitionandinsuranceexpenses": 475219000,
        "productsexpenses": 354404000,
        "servicesandotherexpenses": 153358000,
        "amortizationofintangibleassets": 35695000,
        "costsandexpenses": 1770810000,
        "operatingincomeloss": 262248000,
        "interestexpense": 47465000,
        "foreigncurrencytransactiongainlossrealized": 53850000,
        "gainslossesonextinguishmentofdebt": -6705000,
        "incomelossfromcontinuingoperationsbeforeincometaxesextraordinaryitemsnoncontrollinginterest": 261928000,
        "incometaxexpensebenefit": 57975000,
        "profitloss": 203953000,
        "netincomelossattributabletononcontrollinginterest": -1684000,
        "netincomeloss": 205637000,
        "othercomprehensiveincomeunrealizedholdinggainlossonsecuritiesarisingduringperiodnetoftax": 48315000,
        "reclassificationadjustmentsfornetgainslossesincludedinnetincomeloss": -203000,
        "othercomprehensiveincomelossavailableforsalesecuritiesadjustmentnetoftax": 48518000,
        "othercomprehensiveincomelossforeigncurrencytransactionandtranslationadjustmentnetoftax": -4606000,
        "othercomprehensiveincomelosspensionandotherpostretirementbenefitplansadjustmentnetoftax": -462000,
        "othercomprehensiveincomelossnetoftax": 44374000,
        "comprehensiveincomenetoftaxincludingportionattributabletononcontrollinginterest": 248327000,
        "comprehensiveincomenetoftaxattributabletononcontrollinginterest": -1742000,
        "comprehensiveincomenetoftax": 250069000,
        "earningspersharebasic": 13.97,
        "earningspersharediluted": 13.95
    },
    {
        "date": "2019-06-29",
        "symbol": "MKL",
        "period": "Q2",
        "premiumsearnednet": 1199461000,
        "netinvestmentincome": 111831000,
        "marketablesecuritiesrealizedgainlossexcludingotherthantemporaryimpairments": -67000,
        "equitysecuritiesfvnigainloss": 425720000,
        "netinvestmentgainslosses": 425653000,
        "productsrevenues": 501676000,
        "servicesandotherrevenues": 200495000,
        "revenues": 2439116000,
        "incurredclaimspropertycasualtyandliability": 678120000,
        "underwritingacquisitionandinsuranceexpenses": 462316000,
        "productsexpenses": 425138000,
        "servicesandotherexpenses": 170796000,
        "amortizationofintangibleassets": 36300000,
        "costsandexpenses": 1772670000,
        "operatingincomeloss": 666446000,
        "interestexpense": 41267000,
        "foreigncurrencytransactiongainlossrealized": 25015000,
        "incomelossfromcontinuingoperationsbeforeincometaxesextraordinaryitemsnoncontrollinginterest": 650194000,
        "incometaxexpensebenefit": 143711000,
        "profitloss": 506483000,
        "netincomelossattributabletononcontrollinginterest": 9185000,
        "netincomeloss": 497298000,
        "othercomprehensiveincomeunrealizedholdinggainlossonsecuritiesarisingduringperiodnetoftax": 128467000,
        "reclassificationadjustmentsfornetgainslossesincludedinnetincomeloss": -803000,
        "othercomprehensiveincomelossavailableforsalesecuritiesadjustmentnetoftax": 129270000,
        "othercomprehensiveincomelossforeigncurrencytransactionandtranslationadjustmentnetoftax": -3749000,
        "othercomprehensiveincomelosspensionandotherpostretirementbenefitplansadjustmentnetoftax": -515000,
        "othercomprehensiveincomelossnetoftax": 126036000,
        "comprehensiveincomenetoftaxincludingportionattributabletononcontrollinginterest": 632519000,
        "comprehensiveincomenetoftaxattributabletononcontrollinginterest": 9189000,
        "comprehensiveincomenetoftax": 623330000,
        "earningspersharebasic": 36.1,
        "earningspersharediluted": 36.07
    },
    {
        "date": "2018-09-29",
        "symbol": "MKL",
        "period": "Q3",
        "premiumsearnednet": -1016000,
        "netinvestmentincome": 143000,
        "marketablesecuritiesrealizedgainlossexcludingotherthantemporaryimpairments": -13383000,
        "changeinfairvalueofequitysecurities": 426571000,
        "netinvestmentgainslosses": 426075000,
        "otherincome": 48973000,
        "revenues": 2235949000,
        "incurredclaimspropertycasualtyandliability": 736846000,
        "underwritingacquisitionandinsuranceexpenses": 644000,
        "amortizationofintangibleassets": 18656000,
        "othercostandexpenseoperating": 37100000,
        "costsandexpenses": 1680344000,
        "operatingincomeloss": 555605000,
        "interestexpense": 37961000,
        "foreigncurrencytransactiongainlossrealized": 1383000,
        "incomelossfromcontinuingoperationsbeforeincometaxesextraordinaryitemsnoncontrollinginterest": -13383000,
        "incometaxexpensebenefit": -2810000,
        "profitloss": -10573000,
        "netincomelossattributabletononcontrollinginterest": -410000,
        "netincomeloss": 409438000,
        "othercomprehensiveincomeunrealizedholdinggainlossonsecuritiesarisingduringperiodnetoftax": -91002000,
        "reclassificationadjustmentsfornetgainslossesincludedinnetincomeloss": -10573000,
        "othercomprehensiveincomelossavailableforsalesecuritiesadjustmentnetoftax": -80429000,
        "othercomprehensiveincomelossforeigncurrencytransactionandtranslationadjustmentnetoftax": -14471000,
        "othercomprehensiveincomelosspensionandotherpostretirementbenefitplansadjustmentnetoftax": -509000,
        "othercomprehensiveincomelossnetoftax": -94391000,
        "comprehensiveincomenetoftaxincludingportionattributabletononcontrollinginterest": 314637000,
        "comprehensiveincomenetoftaxattributabletononcontrollinginterest": -469000,
        "comprehensiveincomenetoftax": 315106000,
        "earningspersharebasic": 28.56,
        "earningspersharediluted": 28.5
    },
    {
        "date": "2018-06-29",
        "symbol": "MKL",
        "period": "Q2",
        "premiumsearnednet": 377000,
        "netinvestmentincome": 192000,
        "marketablesecuritiesrealizedgainlossexcludingotherthantemporaryimpairments": 7457000,
        "changeinfairvalueofequitysecurities": 112891000,
        "netinvestmentgainslosses": 105249000,
        "otherincome": 49437000,
        "revenues": 1987013000,
        "incurredclaimspropertycasualtyandliability": 599178000,
        "underwritingacquisitionandinsuranceexpenses": 760000,
        "amortizationofintangibleassets": 19545000,
        "othercostandexpenseoperating": 39510000,
        "costsandexpenses": 1675732000,
        "operatingincomeloss": 311281000,
        "interestexpense": 36702000,
        "foreigncurrencytransactiongainlossrealized": 86158000,
        "incomelossfromcontinuingoperationsbeforeincometaxesextraordinaryitemsnoncontrollinginterest": 7457000,
        "incometaxexpensebenefit": 1566000,
        "profitloss": 5891000,
        "netincomelossattributabletononcontrollinginterest": 1356000,
        "netincomeloss": 278231000,
        "othercomprehensiveincomeunrealizedholdinggainlossonsecuritiesarisingduringperiodnetoftax": -98145000,
        "reclassificationadjustmentsfornetgainslossesincludedinnetincomeloss": 5891000,
        "othercomprehensiveincomelossavailableforsalesecuritiesadjustmentnetoftax": -104036000,
        "othercomprehensiveincomelossforeigncurrencytransactionandtranslationadjustmentnetoftax": -10450000,
        "othercomprehensiveincomelosspensionandotherpostretirementbenefitplansadjustmentnetoftax": -568000,
        "othercomprehensiveincomelossnetoftax": -113918000,
        "comprehensiveincomenetoftaxincludingportionattributabletononcontrollinginterest": 165669000,
        "comprehensiveincomenetoftaxattributabletononcontrollinginterest": 1333000,
        "comprehensiveincomenetoftax": 164336000,
        "earningspersharebasic": 20.01,
        "earningspersharediluted": 19.97
    },
    {
        "date": "2017-09-29",
        "symbol": "MKL",
        "period": "Q3",
        "premiumsearnednet": 600294000,
        "netinvestmentincome": 104489000,
        "otherthantemporaryimpairmentlossesinvestmentsavailableforsalesecurities": 3444000,
        "marketablesecuritiesrealizedgainlossexcludingotherthantemporaryimpairments": 11461000,
        "availableforsalesecuritiesgrossrealizedgainlossnet": -40007000,
        "otherincome": 339739000,
        "revenues": 1506148000,
        "incurredclaimspropertycasualtyandliability": 1075432000,
        "underwritingacquisitionandinsuranceexpenses": 932000,
        "amortizationofintangibleassets": 18654000,
        "othercostandexpenseoperating": 336314000,
        "costsandexpenses": 1834282000,
        "operatingincomeloss": -328134000,
        "interestexpense": 31814000,
        "incomelossfromcontinuingoperationsbeforeincometaxesextraordinaryitemsnoncontrollinginterest": 8017000,
        "incometaxexpensebenefit": 2810000,
        "profitloss": 5207000,
        "netincomelossattributabletononcontrollinginterest": -1894000,
        "netincomeloss": -259141000,
        "othercomprehensiveincomeunrealizedholdinggainlossonsecuritiesarisingduringperiodnetoftax": 227447000,
        "reclassificationadjustmentsfornetgainslossesincludedinnetincomeloss": 5207000,
        "availableforsalesecuritieschangeinnetunrealizedholdinggainlossnetoftax": 222240000,
        "othercomprehensiveincomelossforeigncurrencytransactionandtranslationadjustmentnetoftax": 16263000,
        "othercomprehensiveincomelosspensionandotherpostretirementbenefitplansadjustmentnetoftax": -773000,
        "othercomprehensiveincomelossnetoftax": 239276000,
        "comprehensiveincomenetoftaxincludingportionattributabletononcontrollinginterest": -21759000,
        "comprehensiveincomenetoftaxattributabletononcontrollinginterest": -1890000,
        "comprehensiveincomenetoftax": -19869000,
        "earningspersharebasic": -18.82,
        "earningspersharediluted": -18.82
    },
    {
        "date": "2017-06-29",
        "symbol": "MKL",
        "period": "Q2",
        "premiumsearnednet": 578241000,
        "netinvestmentincome": 99299000,
        "otherthantemporaryimpairmentlossesinvestmentsavailableforsalesecurities": 604000,
        "marketablesecuritiesrealizedgainlossexcludingotherthantemporaryimpairments": 690000,
        "availableforsalesecuritiesgrossrealizedgainlossnet": 17627000,
        "otherincome": 328605000,
        "revenues": 1481493000,
        "incurredclaimspropertycasualtyandliability": 522978000,
        "underwritingacquisitionandinsuranceexpenses": 1056000,
        "amortizationofintangibleassets": 18026000,
        "othercostandexpenseoperating": 289130000,
        "costsandexpenses": 1240151000,
        "operatingincomeloss": 241342000,
        "interestexpense": 31797000,
        "incomelossfromcontinuingoperationsbeforeincometaxesextraordinaryitemsnoncontrollinginterest": 86000,
        "incometaxexpensebenefit": -136000,
        "profitloss": 222000,
        "netincomelossattributabletononcontrollinginterest": 1767000,
        "netincomeloss": 149660000,
        "othercomprehensiveincomeunrealizedholdinggainlossonsecuritiesarisingduringperiodnetoftax": 190069000,
        "reclassificationadjustmentsfornetgainslossesincludedinnetincomeloss": 222000,
        "availableforsalesecuritieschangeinnetunrealizedholdinggainlossnetoftax": 189847000,
        "othercomprehensiveincomelossforeigncurrencytransactionandtranslationadjustmentnetoftax": 1962000,
        "othercomprehensiveincomelosspensionandotherpostretirementbenefitplansadjustmentnetoftax": -902000,
        "othercomprehensiveincomelossnetoftax": 192711000,
        "comprehensiveincomenetoftaxincludingportionattributabletononcontrollinginterest": 344138000,
        "comprehensiveincomenetoftaxattributabletononcontrollinginterest": 1781000,
        "comprehensiveincomenetoftax": 342357000,
        "earningspersharebasic": 10.34,
        "earningspersharediluted": 10.31
    },
    {
        "date": "2017-03-30",
        "symbol": "MKL",
        "period": "Q1",
        "premiumsearnednet": 549336000,
        "netinvestmentincome": 100368000,
        "otherthantemporaryimpairmentlossesinvestmentsavailableforsalesecurities": 3213000,
        "marketablesecuritiesrealizedgainlossexcludingotherthantemporaryimpairments": 14914000,
        "availableforsalesecuritiesgrossrealizedgainlossnet": 20865000,
        "otherincome": 302406000,
        "revenues": 1411751000,
        "incurredclaimspropertycasualtyandliability": 611719000,
        "underwritingacquisitionandinsuranceexpenses": 895000,
        "amortizationofintangibleassets": 16770000,
        "othercostandexpenseoperating": 272417000,
        "costsandexpenses": 1284305000,
        "operatingincomeloss": 127446000,
        "interestexpense": 33402000,
        "incomelossfromcontinuingoperationsbeforeincometaxesextraordinaryitemsnoncontrollinginterest": 11701000,
        "incometaxexpensebenefit": 2532000,
        "profitloss": 69869000,
        "netincomelossattributabletononcontrollinginterest": 1171000,
        "netincomeloss": 69869000,
        "othercomprehensiveincomeunrealizedholdinggainlossonsecuritiesarisingduringperiodnetoftax": 160280000,
        "reclassificationadjustmentsfornetgainslossesincludedinnetincomeloss": 9169000,
        "availableforsalesecuritieschangeinnetunrealizedholdinggainlossnetoftax": 151111000,
        "othercomprehensiveincomelossforeigncurrencytransactionandtranslationadjustmentnetoftax": 1545000,
        "othercomprehensiveincomelosspensionandotherpostretirementbenefitplansadjustmentnetoftax": -716000,
        "othercomprehensiveincomelossnetoftax": 153370000,
        "comprehensiveincomenetoftaxincludingportionattributabletononcontrollinginterest": 223239000,
        "comprehensiveincomenetoftaxattributabletononcontrollinginterest": 1173000,
        "comprehensiveincomenetoftax": 223239000,
        "earningspersharebasic": 3.91,
        "earningspersharediluted": 3.9
    },
    {
        "date": "2016-06-29",
        "symbol": "MKL",
        "period": "Q2",
        "premiumsearnednet": 533328000,
        "netinvestmentincome": 94996000,
        "otherthantemporaryimpairmentlossesinvestmentsavailableforsalesecurities": 3675000,
        "marketablesecuritiesrealizedgainlossexcludingotherthantemporaryimpairments": 16575000,
        "availableforsalesecuritiesgrossrealizedgainlossnet": 17241000,
        "otherincome": 310828000,
        "revenues": 1375937000,
        "incurredclaimspropertycasualtyandliability": 511556000,
        "underwritingacquisitionandinsuranceexpenses": 212915000,
        "amortizationofintangibleassets": 17204000,
        "othercostandexpenseoperating": 267889000,
        "costsandexpenses": 1182249000,
        "operatingincomeloss": 193688000,
        "interestexpense": 33697000,
        "gainslossesonextinguishmentofdebt": -44100000,
        "incomelossfromcontinuingoperationsbeforeincometaxesextraordinaryitemsnoncontrollinginterest": 12900000,
        "incometaxexpensebenefit": 2333000,
        "profitloss": 10567000,
        "netincomelossattributabletononcontrollinginterest": 1876000,
        "netincomeloss": 78797000,
        "othercomprehensiveincomeunrealizedholdinggainlossonsecuritiesarisingduringperiodnetoftax": 149406000,
        "otherthantemporaryimpairmentlossesinvestmentsportioninothercomprehensiveincomelossnetoftaxincludingportionattributabletononcontrollinginterestavailableforsalesecurities": -44000,
        "reclassificationadjustmentsfornetgainslossesincludedinnetincomeloss": 10567000,
        "availableforsalesecuritieschangeinnetunrealizedholdinggainlossnetoftax": 138883000,
        "othercomprehensiveincomelossforeigncurrencytransactionandtranslationadjustmentnetoftax": -8121000,
        "othercomprehensiveincomelosspensionandotherpostretirementbenefitplansadjustmentnetoftax": -394000,
        "othercomprehensiveincomelossnetoftax": 131156000,
        "comprehensiveincomenetoftaxincludingportionattributabletononcontrollinginterest": 211829000,
        "comprehensiveincomenetoftaxattributabletononcontrollinginterest": 1887000,
        "comprehensiveincomenetoftax": 209942000,
        "earningspersharebasic": 5.44,
        "earningspersharediluted": 5.41
    },
    {
        "date": "2015-09-29",
        "symbol": "MKL",
        "period": "Q3",
        "premiumsearnednet": 534615000,
        "netinvestmentincome": 87060000,
        "otherthantemporaryimpairmentlossesinvestmentsavailableforsalesecurities": 18281000,
        "marketablesecuritiesrealizedgainlossexcludingotherthantemporaryimpairments": 7634000,
        "availableforsalesecuritiesgrossrealizedgainlossnet": -14707000,
        "otherincome": 305393000,
        "revenues": 1342764000,
        "incurredclaimspropertycasualtyandliability": 484737000,
        "underwritingacquisitionandinsuranceexpenses": 200272000,
        "amortizationofintangibleassets": 18914000,
        "othercostandexpenseoperating": 281497000,
        "costsandexpenses": 1160019000,
        "operatingincomeloss": 182745000,
        "interestexpense": 30064000,
        "incomelossfromcontinuingoperationsbeforeincometaxesextraordinaryitemsnoncontrollinginterest": -10647000,
        "incometaxexpensebenefit": -4647000,
        "profitloss": -6000000,
        "netincomelossattributabletononcontrollinginterest": 1891000,
        "netincomeloss": 102519000,
        "othercomprehensiveincomeunrealizedholdinggainlossonsecuritiesarisingduringperiodnetoftax": -149266000,
        "otherthantemporaryimpairmentlossesinvestmentsportioninothercomprehensiveincomelossnetoftaxincludingportionattributabletononcontrollinginterestavailableforsalesecurities": 8000,
        "reclassificationadjustmentsfornetgainslossesincludedinnetincomeloss": -6000000,
        "availableforsalesecuritieschangeinnetunrealizedholdinggainlossnetoftax": -143274000,
        "othercomprehensiveincomelossforeigncurrencytransactionandtranslationadjustmentnetoftax": -10854000,
        "othercomprehensiveincomelosspensionandotherpostretirementbenefitplansadjustmentnetoftax": -475000,
        "othercomprehensiveincomelossnetoftax": -153653000,
        "comprehensiveincomenetoftaxincludingportionattributabletononcontrollinginterest": -49243000,
        "comprehensiveincomenetoftaxattributabletononcontrollinginterest": 1900000,
        "comprehensiveincomenetoftax": -51143000,
        "earningspersharebasic": 7.43,
        "earningspersharediluted": 7.39
    },
    {
        "date": "2015-06-29",
        "symbol": "MKL",
        "period": "Q2",
        "premiumsearnednet": 520446000,
        "netinvestmentincome": 90586000,
        "otherthantemporaryimpairmentlossesinvestmentsavailableforsalesecurities": 0,
        "marketablesecuritiesrealizedgainlossexcludingotherthantemporaryimpairments": 7560000,
        "availableforsalesecuritiesgrossrealizedgainlossnet": 6105000,
        "otherincome": 246420000,
        "revenues": 1304605000,
        "incurredclaimspropertycasualtyandliability": 536194000,
        "underwritingacquisitionandinsuranceexpenses": 211856000,
        "amortizationofintangibleassets": 16949000,
        "othercostandexpenseoperating": 236286000,
        "costsandexpenses": 1175031000,
        "operatingincomeloss": 129574000,
        "interestexpense": 29288000,
        "incomelossfromcontinuingoperationsbeforeincometaxesextraordinaryitemsnoncontrollinginterest": 7560000,
        "incometaxexpensebenefit": 2576000,
        "profitloss": 4984000,
        "netincomelossattributabletononcontrollinginterest": 1084000,
        "netincomeloss": 91369000,
        "othercomprehensiveincomeunrealizedholdinggainlossonsecuritiesarisingduringperiodnetoftax": -230142000,
        "otherthantemporaryimpairmentlossesinvestmentsportioninothercomprehensiveincomelossnetoftaxincludingportionattributabletononcontrollinginterestavailableforsalesecurities": 48000,
        "reclassificationadjustmentsfornetgainslossesincludedinnetincomeloss": 4984000,
        "availableforsalesecuritieschangeinnetunrealizedholdinggainlossnetoftax": -235174000,
        "othercomprehensiveincomelossforeigncurrencytransactionandtranslationadjustmentnetoftax": 10385000,
        "othercomprehensiveincomelosspensionandotherpostretirementbenefitplansadjustmentnetoftax": -469000,
        "othercomprehensiveincomelossnetoftax": -224294000,
        "comprehensiveincomenetoftaxincludingportionattributabletononcontrollinginterest": -132925000,
        "comprehensiveincomenetoftaxattributabletononcontrollinginterest": 1058000,
        "comprehensiveincomenetoftax": -132925000,
        "earningspersharebasic": 6.759999999999998,
        "earningspersharediluted": 6.720000000000001
    },
    {
        "date": "2015-03-30",
        "symbol": "MKL",
        "period": "Q1",
        "premiumsearnednet": 514554000,
        "netinvestmentincome": 92875000,
        "otherthantemporaryimpairmentlossesinvestmentsavailableforsalesecurities": 5092000,
        "marketablesecuritiesrealizedgainlossexcludingotherthantemporaryimpairments": 17241000,
        "availableforsalesecuritiesgrossrealizedgainlossnet": 5571000,
        "otherincome": 252869000,
        "revenues": 1302154000,
        "incurredclaimspropertycasualtyandliability": 446995000,
        "underwritingacquisitionandinsuranceexpenses": 185260000,
        "amortizationofintangibleassets": 14640000,
        "othercostandexpenseoperating": 221343000,
        "costsandexpenses": 1033321000,
        "operatingincomeloss": 268833000,
        "interestexpense": 29312000,
        "incomelossfromcontinuingoperationsbeforeincometaxesextraordinaryitemsnoncontrollinginterest": 12149000,
        "incometaxexpensebenefit": 3096000,
        "profitloss": 9053000,
        "netincomelossattributabletononcontrollinginterest": 3014000,
        "netincomeloss": 190992000,
        "othercomprehensiveincomeunrealizedholdinggainlossonsecuritiesarisingduringperiodnetoftax": 121022000,
        "otherthantemporaryimpairmentlossesinvestmentsportioninothercomprehensiveincomelossnetoftaxincludingportionattributabletononcontrollinginterestavailableforsalesecurities": -167000,
        "reclassificationadjustmentsfornetgainslossesincludedinnetincomeloss": 9053000,
        "availableforsalesecuritieschangeinnetunrealizedholdinggainlossnetoftax": 112136000,
        "othercomprehensiveincomelossforeigncurrencytransactionandtranslationadjustmentnetoftax": -21814000,
        "othercomprehensiveincomelosspensionandotherpostretirementbenefitplansadjustmentnetoftax": -463000,
        "othercomprehensiveincomelossnetoftax": 90815000,
        "comprehensiveincomenetoftaxincludingportionattributabletononcontrollinginterest": 281807000,
        "comprehensiveincomenetoftaxattributabletononcontrollinginterest": 2984000,
        "comprehensiveincomenetoftax": 281807000,
        "earningspersharebasic": 13.57,
        "earningspersharediluted": 13.49
    },
    {
        "date": "2014-09-29",
        "symbol": "MKL",
        "period": "Q3",
        "premiumsearnednet": 516753000,
        "netinvestmentincome": 91096000,
        "otherthantemporaryimpairmentlossesinvestmentsavailableforsalesecurities": 2851000,
        "marketablesecuritiesrealizedgainlossexcludingotherthantemporaryimpairments": 9699000,
        "availableforsalesecuritiesgrossrealizedgainlossnet": 4195000,
        "otherincome": 4199000,
        "revenues": 1299286000,
        "incurredclaimspropertycasualtyandliability": 570966000,
        "underwritingacquisitionandinsuranceexpenses": 400000,
        "amortizationofintangibleassets": 13505000,
        "othercostandexpenseoperating": 13486000,
        "costsandexpenses": 1166157000,
        "operatingincomeloss": 133129000,
        "interestexpense": 29648000,
        "incomelossfromcontinuingoperationsbeforeincometaxesextraordinaryitemsnoncontrollinginterest": 6848000,
        "incometaxexpensebenefit": 1858000,
        "profitloss": -320000,
        "netincomelossattributabletononcontrollinginterest": 1021000,
        "netincomeloss": 75803000,
        "othercomprehensiveincomeunrealizedholdinggainlossonsecuritiesarisingduringperiodnetoftax": -7532000,
        "otherthantemporaryimpairmentlossesinvestmentsportioninothercomprehensiveincomelossnetoftaxincludingportionattributabletononcontrollinginterestavailableforsalesecurities": -123000,
        "reclassificationadjustmentsfornetgainslossesincludedinnetincomeloss": 4990000,
        "availableforsalesecuritieschangeinnetunrealizedholdinggainlossnetoftax": -12399000,
        "othercomprehensiveincomelossforeigncurrencytransactionandtranslationadjustmentnetoftax": -27223000,
        "othercomprehensiveincomelosspensionandotherpostretirementbenefitplansadjustmentnetoftax": -320000,
        "othercomprehensiveincomelossnetoftax": -39302000,
        "comprehensiveincomenetoftaxincludingportionattributabletononcontrollinginterest": 37522000,
        "comprehensiveincomenetoftaxattributabletononcontrollinginterest": 1020000,
        "comprehensiveincomenetoftax": 36502000,
        "earningspersharebasic": 5.33,
        "earningspersharediluted": 5.3
    },
    {
        "date": "2014-06-29",
        "symbol": "MKL",
        "period": "Q2",
        "premiumsearnednet": 499083000,
        "netinvestmentincome": 92169000,
        "otherthantemporaryimpairmentlossesinvestmentsavailableforsalesecurities": 1007000,
        "marketablesecuritiesrealizedgainlossexcludingotherthantemporaryimpairments": 7348000,
        "availableforsalesecuritiesgrossrealizedgainlossnet": 7120000,
        "otherincome": 6192000,
        "revenues": 1258971000,
        "incurredclaimspropertycasualtyandliability": 610406000,
        "underwritingacquisitionandinsuranceexpenses": 406000,
        "amortizationofintangibleassets": 13488000,
        "othercostandexpenseoperating": 15344000,
        "costsandexpenses": 1174823000,
        "operatingincomeloss": 84148000,
        "interestexpense": 29789000,
        "incomelossfromcontinuingoperationsbeforeincometaxesextraordinaryitemsnoncontrollinginterest": 6341000,
        "incometaxexpensebenefit": 1523000,
        "profitloss": -325000,
        "netincomelossattributabletononcontrollinginterest": 1073000,
        "netincomeloss": 40068000,
        "othercomprehensiveincomeunrealizedholdinggainlossonsecuritiesarisingduringperiodnetoftax": 208332000,
        "otherthantemporaryimpairmentlossesinvestmentsportioninothercomprehensiveincomelossnetoftaxincludingportionattributabletononcontrollinginterestavailableforsalesecurities": -15000,
        "reclassificationadjustmentsfornetgainslossesincludedinnetincomeloss": 4818000,
        "availableforsalesecuritieschangeinnetunrealizedholdinggainlossnetoftax": 203529000,
        "othercomprehensiveincomelossforeigncurrencytransactionandtranslationadjustmentnetoftax": 6671000,
        "othercomprehensiveincomelosspensionandotherpostretirementbenefitplansadjustmentnetoftax": -325000,
        "othercomprehensiveincomelossnetoftax": 210525000,
        "comprehensiveincomenetoftaxincludingportionattributabletononcontrollinginterest": 251666000,
        "comprehensiveincomenetoftaxattributabletononcontrollinginterest": 1078000,
        "comprehensiveincomenetoftax": 250588000,
        "earningspersharebasic": 2.67,
        "earningspersharediluted": 2.66
    },
    {
        "date": "2013-09-29",
        "symbol": "MKL",
        "period": "Q3",
        "premiumsearnednet": -377433000,
        "netinvestmentincome": 86192000,
        "realizedgainslossesoninvestmentsavailableforsalesecurities": 10840000,
        "otherincome": 174512000,
        "revenues": 1980188000,
        "incurredclaimspropertycasualtyandliability": 533372000,
        "underwritingacquisitionandinsuranceexpenses": 477000,
        "amortizationofintangibleassets": 26441000,
        "othercostandexpenseoperating": 166566000,
        "costsandexpenses": 1068912000,
        "operatingincomeloss": 122753000,
        "interestexpense": 30619000,
        "incomelossfromcontinuingoperationsbeforeincometaxesextraordinaryitemsnoncontrollinginterest": 92134000,
        "incometaxexpensebenefit": 12603000,
        "profitloss": 7654000,
        "netincomelossattributabletononcontrollinginterest": 1368000,
        "netincomeloss": 149098000,
        "othercomprehensiveincomeunrealizedholdinggainlossonsecuritiesarisingduringperiodnetoftax": 84564000,
        "otherthantemporaryimpairmentlossesinvestmentsportioninothercomprehensiveincomelossnetoftaxincludingportionattributabletononcontrollinginterestavailableforsalesecurities": 219000,
        "reclassificationadjustmentsfornetgainslossesincludedinnetincomeloss": 7654000,
        "availableforsalesecuritieschangeinnetunrealizedholdinggainlossnetoftax": 76691000,
        "othercomprehensiveincomelossforeigncurrencytransactionandtranslationadjustmentnetoftax": 1709000,
        "othercomprehensiveincomelosspensionandotherpostretirementbenefitplansadjustmentnetoftax": -410000,
        "othercomprehensiveincomelossnetoftax": 77999000,
        "comprehensiveincomenetoftaxincludingportionattributabletononcontrollinginterest": 401621000,
        "comprehensiveincomenetoftaxattributabletononcontrollinginterest": 1368000,
        "comprehensiveincomenetoftax": 144409000,
        "earningspersharebasic": 3.610000000000001,
        "earningspersharediluted": 3.59
    },
    {
        "date": "2013-06-29",
        "symbol": "MKL",
        "period": "Q2",
        "premiumsearnednet": 172776000,
        "netinvestmentincome": 77979000,
        "otherthantemporaryimpairmentlossesinvestmentsavailableforsalesecurities": 4589000,
        "marketablesecuritiesrealizedgainlossexcludingotherthantemporaryimpairments": 16135000,
        "realizedgainslossesoninvestmentsavailableforsalesecurities": 11493000,
        "otherincome": 157425000,
        "revenues": 243246000,
        "incurredclaimspropertycasualtyandliability": 442406000,
        "underwritingacquisitionandinsuranceexpenses": 475000,
        "amortizationofintangibleassets": 1699000,
        "othercostandexpenseoperating": 140759000,
        "costsandexpenses": 957552000,
        "operatingincomeloss": 74217000,
        "interestexpense": 28561000,
        "incomelossfromcontinuingoperationsbeforeincometaxesextraordinaryitemsnoncontrollinginterest": 45656000,
        "incometaxexpensebenefit": -109000,
        "profitloss": 7957000,
        "netincomelossattributabletononcontrollinginterest": 920000,
        "netincomeloss": -55743000,
        "othercomprehensiveincomeunrealizedholdinggainlossonsecuritiesarisingduringperiodnetoftax": -158690000,
        "otherthantemporaryimpairmentlossesinvestmentsportioninothercomprehensiveincomelossnetoftaxincludingportionattributabletononcontrollinginterestavailableforsalesecurities": 70000,
        "reclassificationadjustmentsfornetgainslossesincludedinnetincomeloss": 7957000,
        "availableforsalesecuritieschangeinnetunrealizedholdinggainlossnetoftax": -166717000,
        "othercomprehensiveincomelossforeigncurrencytransactionandtranslationadjustmentnetoftax": -10459000,
        "othercomprehensiveincomelosspensionandotherpostretirementbenefitplansadjustmentnetoftax": -366000,
        "othercomprehensiveincomelossnetoftax": -176810000,
        "comprehensiveincomenetoftaxincludingportionattributabletononcontrollinginterest": -148134000,
        "comprehensiveincomenetoftaxattributabletononcontrollinginterest": 920000,
        "comprehensiveincomenetoftax": -149054000,
        "earningspersharebasic": 2.24,
        "earningspersharediluted": 2.24
    },
    {
        "date": "2013-03-30",
        "symbol": "MKL",
        "period": "Q1",
        "premiumsearnednet": 204692000,
        "netinvestmentincome": 64617000,
        "realizedgainslossesoninvestmentsavailableforsalesecurities": 17917000,
        "otherincome": 172743000,
        "revenues": 819864000,
        "incurredclaimspropertycasualtyandliability": 287896000,
        "underwritingacquisitionandinsuranceexpenses": 480000,
        "amortizationofintangibleassets": 9615000,
        "othercostandexpenseoperating": 152317000,
        "costsandexpenses": 678501000,
        "operatingincomeloss": 141363000,
        "interestexpense": 23574000,
        "incomelossfromcontinuingoperationsbeforeincometaxesextraordinaryitemsnoncontrollinginterest": 117789000,
        "incometaxexpensebenefit": -110000,
        "profitloss": 12255000,
        "netincomelossattributabletononcontrollinginterest": 361000,
        "netincomeloss": 88902000,
        "othercomprehensiveincomeunrealizedholdinggainlossonsecuritiesarisingduringperiodnetoftax": 181599000,
        "otherthantemporaryimpairmentlossesinvestmentsportioninothercomprehensiveincomelossnetoftaxincludingportionattributabletononcontrollinginterestavailableforsalesecurities": -249000,
        "reclassificationadjustmentsfornetgainslossesincludedinnetincomeloss": 12255000,
        "availableforsalesecuritieschangeinnetunrealizedholdinggainlossnetoftax": 169593000,
        "othercomprehensiveincomelossforeigncurrencytransactionandtranslationadjustmentnetoftax": -1181000,
        "othercomprehensiveincomelosspensionandotherpostretirementbenefitplansadjustmentnetoftax": -370000,
        "othercomprehensiveincomelossnetoftax": 169593000,
        "comprehensiveincomenetoftaxincludingportionattributabletononcontrollinginterest": -448000,
        "comprehensiveincomenetoftaxattributabletononcontrollinginterest": 361000,
        "comprehensiveincomenetoftax": 257684000,
        "earningspersharebasic": 9.53,
        "earningspersharediluted": 9.5
    },
    {
        "date": "2012-09-29",
        "symbol": "MKL",
        "period": "Q3",
        "premiumsearnednet": 195478000,
        "netinvestmentincome": 64438000,
        "otherthantemporaryimpairmentlossesinvestmentsavailableforsalesecurities": 3159000,
        "otherthantemporaryimpairmentlossesinvestmentsportionrecognizedinearningsnetavailableforsalesecurities": 1615000,
        "marketablesecuritiesrealizedgainlossexcludingotherthantemporaryimpairments": 8390000,
        "realizedgainslossesoninvestmentsavailableforsalesecurities": 5231000,
        "otherincome": 165569000,
        "revenues": 765775000,
        "incurredclaimspropertycasualtyandliability": 303459000,
        "underwritingacquisitionandinsuranceexpenses": 231841000,
        "amortizationofintangibleassets": 7959000,
        "othercostandexpenseoperating": 145339000,
        "costsandexpenses": 688598000,
        "operatingincomeloss": 77177000,
        "interestexpense": 24692000,
        "incomelossfromcontinuingoperationsbeforeincometaxesextraordinaryitemsnoncontrollinginterest": 52485000,
        "incometaxexpensebenefit": 811000,
        "profitloss": 51674000,
        "netincomelossattributabletononcontrollinginterest": 2021000,
        "netincomeloss": 49653000,
        "othercomprehensiveincomeunrealizedholdinggainlossonsecuritiesarisingduringperiodnetoftax": 100630000,
        "otherthantemporaryimpairmentlossesinvestmentsportioninothercomprehensiveincomelossnetoftaxincludingportionattributabletononcontrollinginterestavailableforsalesecurities": 128000,
        "reclassificationadjustmentsfornetgainslossesincludedinnetincomeloss": 6484000,
        "availableforsalesecuritieschangeinnetunrealizedholdinggainlossnetoftax": 94018000,
        "othercomprehensiveincomelossforeigncurrencytransactionandtranslationadjustmentnetoftax": 3266000,
        "othercomprehensiveincomelosspensionandotherpostretirementbenefitplansadjustmentnetoftax": -522000,
        "othercomprehensiveincomelossnetoftax": 97806000,
        "comprehensiveincomenetoftaxincludingportionattributabletononcontrollinginterest": 149480000,
        "comprehensiveincomenetoftaxattributabletononcontrollinginterest": 2026000,
        "comprehensiveincomenetoftax": 147454000,
        "earningspersharebasic": 5.33,
        "earningspersharediluted": 5.32
    },
    {
        "date": "2012-06-29",
        "symbol": "MKL",
        "period": "Q2",
        "premiumsearnednet": 178699000,
        "netinvestmentincome": 63602000,
        "otherthantemporaryimpairmentlossesinvestmentsavailableforsalesecurities": 992000,
        "otherthantemporaryimpairmentlossesinvestmentsportionrecognizedinearningsnetavailableforsalesecurities": 992000,
        "marketablesecuritiesrealizedgainlossexcludingotherthantemporaryimpairments": 9208000,
        "realizedgainslossesoninvestmentsavailableforsalesecurities": 8216000,
        "otherincome": 108373000,
        "revenues": 693247000,
        "incurredclaimspropertycasualtyandliability": 221094000,
        "underwritingacquisitionandinsuranceexpenses": 224784000,
        "amortizationofintangibleassets": 8315000,
        "othercostandexpenseoperating": 97719000,
        "costsandexpenses": 551912000,
        "operatingincomeloss": 141335000,
        "interestexpense": 22209000,
        "incomelossfromcontinuingoperationsbeforeincometaxesextraordinaryitemsnoncontrollinginterest": 119126000,
        "incometaxexpensebenefit": 28358000,
        "profitloss": 90768000,
        "netincomelossattributabletononcontrollinginterest": 1081000,
        "netincomeloss": 89687000,
        "othercomprehensiveincomeunrealizedholdinggainlossonsecuritiesarisingduringperiodnetoftax": -8029000,
        "otherthantemporaryimpairmentlossesinvestmentsportioninothercomprehensiveincomelossnetoftaxincludingportionattributabletononcontrollinginterestavailableforsalesecurities": -130000,
        "reclassificationadjustmentsfornetgainslossesincludedinnetincomeloss": 5739000,
        "availableforsalesecuritieschangeinnetunrealizedholdinggainlossnetoftax": -13638000,
        "othercomprehensiveincomelossforeigncurrencytransactionandtranslationadjustmentnetoftax": -3162000,
        "othercomprehensiveincomelosspensionandotherpostretirementbenefitplansadjustmentnetoftax": -482000,
        "othercomprehensiveincomelossnetoftax": -16318000,
        "comprehensiveincomenetoftaxincludingportionattributabletononcontrollinginterest": 74450000,
        "comprehensiveincomenetoftaxattributabletononcontrollinginterest": 1034000,
        "comprehensiveincomenetoftax": 73416000,
        "earningspersharebasic": 8.44,
        "earningspersharediluted": 8.42
    },
    {
        "date": "2011-09-29",
        "symbol": "MKL",
        "period": "Q3",
        "premiumsearnednet": 136783000,
        "netinvestmentincome": 62199000,
        "impairmentofinvestments": 9846000,
        "otherthantemporaryimpairmentlossesrecognizedinothercomprehensiveincomeloss": 138000,
        "otherthantemporaryimpairmentlossesinvestmentsportionrecognizedinearningsnet": 1473000,
        "netrealizedinvestmentgainslossesexcludingotherthantemporaryimpairmentlosses": -22823000,
        "realizedgainslossesoninvestments": 12839000,
        "otherincome": 91847000,
        "revenues": 676088000,
        "incurredclaimspropertycasualtyandliability": 306632000,
        "underwritingacquisitionandinsuranceexpenses": 51695000,
        "amortizationofintangibleassets": 6023000,
        "othercostandexpenseoperating": 70302000,
        "costsandexpenses": 585273000,
        "operatingincomeloss": 90815000,
        "interestexpense": 23656000,
        "incomelossbeforeincometaxes": 67159000,
        "incometaxexpensebenefit": 12490000,
        "profitloss": 54669000,
        "netincomelossattributabletononcontrollinginterest": 1405000,
        "netincomeloss": 53264000,
        "othercomprehensiveincomeunrealizedholdinggainlossonsecuritiesarisingduringperiodnetoftax": -90330000,
        "unrealizedotherthantemporaryimpairmentlossesonfixedmaturitiesarisingduringperiod": -189000,
        "reclassificationadjustmentsfornetgainslossesincludedinnetincomeloss": 7995000,
        "availableforsalesecuritieschangeinnetunrealizedholdinggainlossnetoftax": -98136000,
        "othercomprehensiveincomeforeigncurrencytransactionandtranslationadjustmentnetoftaxperiodincreasedecrease": -8133000,
        "othercomprehensiveincomedefinedbenefitplansadjustmentnetoftaxperiodincreasedecrease": 379000,
        "othercomprehensiveincomelossnetoftaxperiodincreasedecrease": -105890000,
        "comprehensiveincomenetoftaxincludingportionattributabletononcontrollinginterest": -51221000,
        "comprehensiveincomenetoftaxattributabletononcontrollinginterest": 1405000,
        "comprehensiveincomenetoftax": -52626000,
        "earningspersharebasic": 5.5,
        "earningspersharediluted": 5.48
    },
    {
        "date": "2011-06-29",
        "symbol": "MKL",
        "period": "Q2",
        "premiumsearnednet": 131364000,
        "netinvestmentincome": 64253000,
        "impairmentofinvestments": 1707000,
        "otherthantemporaryimpairmentlossesrecognizedinothercomprehensiveincomeloss": 3168000,
        "otherthantemporaryimpairmentlossesinvestmentsportionrecognizedinearningsnet": 4875000,
        "netrealizedinvestmentgainslossesexcludingotherthantemporaryimpairmentlosses": -6219000,
        "realizedgainslossesoninvestments": 1344000,
        "otherincome": 91370000,
        "revenues": 647168000,
        "incurredclaimspropertycasualtyandliability": 306683000,
        "underwritingacquisitionandinsuranceexpenses": 47789000,
        "amortizationofintangibleassets": 5555000,
        "othercostandexpenseoperating": 79473000,
        "costsandexpenses": 588556000,
        "operatingincomeloss": 58612000,
        "interestexpense": 21898000,
        "incomelossbeforeincometaxes": 36714000,
        "incometaxexpensebenefit": 5065000,
        "profitloss": 31649000,
        "netincomelossattributabletononcontrollinginterest": 1335000,
        "netincomeloss": 30314000,
        "othercomprehensiveincomeunrealizedholdinggainlossonsecuritiesarisingduringperiodnetoftax": 64403000,
        "unrealizedotherthantemporaryimpairmentlossesonfixedmaturitiesarisingduringperiod": -1644000,
        "reclassificationadjustmentsfornetgainslossesincludedinnetincomeloss": 827000,
        "availableforsalesecuritieschangeinnetunrealizedholdinggainlossnetoftax": 65220000,
        "othercomprehensiveincomeforeigncurrencytransactionandtranslationadjustmentnetoftaxperiodincreasedecrease": 156000,
        "othercomprehensiveincomedefinedbenefitplansadjustmentnetoftaxperiodincreasedecrease": 355000,
        "othercomprehensiveincomelossnetoftaxperiodincreasedecrease": 65731000,
        "comprehensiveincomenetoftaxincludingportionattributabletononcontrollinginterest": 97380000,
        "comprehensiveincomenetoftaxattributabletononcontrollinginterest": 1335000,
        "comprehensiveincomenetoftax": 96045000,
        "earningspersharebasic": 3.12,
        "earningspersharediluted": 3.11
    },
    {
        "date": "2010-06-29",
        "symbol": "MKL",
        "period": "Q2",
        "premiumsearnednet": 416688000,
        "netinvestmentincome": 64384000,
        "impairmentofinvestments": 3916000,
        "otherthantemporaryimpairmentlossesrecognizedinothercomprehensiveincomeloss": -3000,
        "otherthantemporaryimpairmentlossesrecognizedinnetincomeloss": 3913000,
        "netrealizedinvestmentgainslossesexcludingotherthantemporaryimpairmentlosses": -1484000,
        "realizedinvestmentgainslosses": -2429000,
        "otherincome": 36771000,
        "revenues": 515414000,
        "incurredclaimspropertycasualtyandliability": 251235000,
        "underwritingacquisitionandinsuranceexpenses": 179106000,
        "amortizationofintangibleassets": 3856000,
        "othercostandexpenseoperating": 32969000,
        "costsandexpenses": 467166000,
        "operatingincomeloss": 48248000,
        "interestexpense": 18334000,
        "incomelossbeforeincometaxes": 29914000,
        "incometaxexpensebenefit": 8997000,
        "profitloss": 20917000,
        "netincomelossattributabletononcontrollinginterest": 86000,
        "netincomeloss": 20831000,
        "othercomprehensiveincomeunrealizedholdinggainlossonsecuritiesarisingduringperiodnetoftax": -49927000,
        "unrealizedotherthantemporaryimpairmentlossesonfixedmaturitiesarisingduringperiod": -170000,
        "reclassificationadjustmentsfornetgainslossesincludedinnetincomeloss": 3099000,
        "availableforsalesecuritieschangeinnetunrealizedholdinggainlossnetoftax": -52856000,
        "othercomprehensiveincomeforeigncurrencytransactionandtranslationadjustmentnetoftaxperiodincreasedecrease": -2259000,
        "othercomprehensiveincomedefinedbenefitplansadjustmentnetoftaxperiodincreasedecrease": 336000,
        "othercomprehensiveincomelossnetoftaxperiodincreasedecrease": -54779000,
        "comprehensiveincomenetoftaxincludingportionattributabletononcontrollinginterest": -33862000,
        "comprehensiveincomenetoftaxattributabletononcontrollinginterest": 41000,
        "comprehensiveincomenetoftax": -33903000,
        "earningspersharebasic": 2.13,
        "earningspersharediluted": 2.12
    }
]