[
    {
        "date": "2024-09-29",
        "symbol": "SNAP",
        "period": "Q3",
        "revenuefromcontractwithcustomerexcludingassessedtax": 798700000,
        "costofrevenue": 638907000,
        "researchanddevelopmentexpense": 412791000,
        "sellingandmarketingexpense": 273107000,
        "generalandadministrativeexpense": 220979000,
        "costsandexpenses": 1545784000,
        "operatingincomeloss": -173210000,
        "investmentincomeinterest": 38533000,
        "interestexpensenonoperating": 5883000,
        "othernonoperatingincomeexpense": -4355000,
        "incomelossfromcontinuingoperationsbeforeincometaxesextraordinaryitemsnoncontrollinginterest": -144915000,
        "incometaxexpensebenefit": 8300000,
        "netincomeloss": -21344000,
        "earningspersharebasic": -0.09,
        "earningspersharediluted": -0.09,
        "weightedaveragenumberofsharesoutstandingbasic": 231627000,
        "weightedaveragenumberofdilutedsharesoutstanding": 231627000,
        "othercomprehensiveincomeavailableforsalesecuritiesadjustmentnetoftaxportionattributabletoparent": 18022000,
        "othercomprehensiveincomeforeigncurrencytransactionandtranslationadjustmentnetoftaxportionattributabletoparent": 8045000,
        "othercomprehensiveincomelossnetoftaxportionattributabletoparent": 26067000,
        "comprehensiveincomenetoftax": -127180000
    },
    {
        "date": "2024-06-29",
        "symbol": "SNAP",
        "period": "Q2",
        "revenuefromcontractwithcustomerexcludingassessedtax": 1236768000,
        "costofrevenue": 588921000,
        "researchanddevelopmentexpense": 406196000,
        "sellingandmarketingexpense": 266320000,
        "generalandadministrativeexpense": 229306000,
        "costsandexpenses": 1490743000,
        "operatingincomeloss": -253975000,
        "investmentincomeinterest": 36462000,
        "interestexpensenonoperating": 5113000,
        "othernonoperatingincomeexpense": -20792000,
        "incomelossfromcontinuingoperationsbeforeincometaxesextraordinaryitemsnoncontrollinginterest": -243418000,
        "incometaxexpensebenefit": 5202000,
        "netincomeloss": -248620000,
        "earningspersharebasic": -0.15,
        "earningspersharediluted": -0.15,
        "weightedaveragenumberofsharesoutstandingbasic": 1644736000,
        "weightedaveragenumberofdilutedsharesoutstanding": 1644736000,
        "othercomprehensiveincomeavailableforsalesecuritiesadjustmentnetoftaxportionattributabletoparent": 137000,
        "othercomprehensiveincomeforeigncurrencytransactionandtranslationadjustmentnetoftaxportionattributabletoparent": 1885000,
        "othercomprehensiveincomelossnetoftaxportionattributabletoparent": 2022000,
        "comprehensiveincomenetoftax": -246598000
    },
    {
        "date": "2024-03-30",
        "symbol": "SNAP",
        "period": "Q1",
        "revenuefromcontractwithcustomerexcludingassessedtax": 1194773000,
        "costofrevenue": 574749000,
        "researchanddevelopmentexpense": 449759000,
        "sellingandmarketingexpense": 276034000,
        "generalandadministrativeexpense": 227463000,
        "costsandexpenses": 1528005000,
        "operatingincomeloss": -333232000,
        "investmentincomeinterest": 39898000,
        "interestexpense": 4743000,
        "othernonoperatingincomeexpense": -81000,
        "incomelossfromcontinuingoperationsbeforeincometaxesextraordinaryitemsnoncontrollinginterest": -298158000,
        "incometaxexpensebenefit": 6932000,
        "netincomeloss": -305090000,
        "earningspersharebasic": -0.19,
        "earningspersharediluted": -0.19,
        "weightedaveragenumberofsharesoutstandingbasic": 1647387000,
        "weightedaveragenumberofdilutedsharesoutstanding": 1647387000,
        "othercomprehensiveincomeavailableforsalesecuritiesadjustmentnetoftaxportionattributabletoparent": -3604000,
        "othercomprehensiveincomeforeigncurrencytransactionandtranslationadjustmentnetoftaxportionattributabletoparent": -2777000,
        "othercomprehensiveincomelossnetoftaxportionattributabletoparent": -6381000,
        "comprehensiveincomenetoftax": -311471000
    },
    {
        "date": "2023-12-30",
        "symbol": "SNAP",
        "period": "Q4",
        "revenuefromcontractwithcustomerexcludingassessedtax": 1361287000,
        "costofrevenue": 621504000,
        "researchanddevelopmentexpense": 483528000,
        "sellingandmarketingexpense": 275811000,
        "generalandadministrativeexpense": 229157000,
        "costsandexpenses": 1610000000,
        "operatingincomeloss": -248713000,
        "investmentincomeinterest": 43463000,
        "interestexpense": 5275000,
        "othernonoperatingincomeexpense": -34447000,
        "incomelossfromcontinuingoperationsbeforeincometaxesextraordinaryitemsnoncontrollinginterest": -244972000,
        "incometaxexpensebenefit": 3275000,
        "netincomeloss": -248247000,
        "earningspersharebasic": -0.13999999999999999,
        "earningspersharediluted": -0.13999999999999999,
        "weightedaveragenumberofsharesoutstandingbasic": 1612504000,
        "weightedaveragenumberofdilutedsharesoutstanding": 1612504000,
        "othercomprehensiveincomeavailableforsalesecuritiesadjustmentnetoftaxportionattributabletoparent": 15740000,
        "othercomprehensiveincomeforeigncurrencytransactionandtranslationadjustmentnetoftaxportionattributabletoparent": 9173000,
        "othercomprehensiveincomelossnetoftaxportionattributabletoparent": 24913000,
        "comprehensiveincomenetoftax": -223334000
    },
    {
        "date": "2023-09-29",
        "symbol": "SNAP",
        "period": "Q3",
        "revenuefromcontractwithcustomerexcludingassessedtax": 1188551000,
        "costofrevenue": 555753000,
        "researchanddevelopmentexpense": 494559000,
        "sellingandmarketingexpense": 297251000,
        "generalandadministrativeexpense": 221051000,
        "costsandexpenses": 1568614000,
        "operatingincomeloss": -380063000,
        "investmentincomeinterest": 43839000,
        "interestexpense": 5521000,
        "othernonoperatingincomeexpense": -20662000,
        "incomelossfromcontinuingoperationsbeforeincometaxesextraordinaryitemsnoncontrollinginterest": -362407000,
        "incometaxexpensebenefit": 5849000,
        "netincomeloss": -368256000,
        "earningspersharebasic": -0.23,
        "earningspersharediluted": -0.23,
        "weightedaveragenumberofsharesoutstandingbasic": 1625917000,
        "weightedaveragenumberofdilutedsharesoutstanding": 1625917000,
        "othercomprehensiveincomeavailableforsalesecuritiesadjustmentnetoftaxportionattributabletoparent": -1287000,
        "othercomprehensiveincomeforeigncurrencytransactionandtranslationadjustmentnetoftaxportionattributabletoparent": -334000,
        "othercomprehensiveincomelossnetoftaxportionattributabletoparent": -1621000,
        "comprehensiveincomenetoftax": -369877000
    },
    {
        "date": "2023-06-29",
        "symbol": "SNAP",
        "period": "Q2",
        "revenuefromcontractwithcustomerexcludingassessedtax": 1067669000,
        "costofrevenue": 496874000,
        "researchanddevelopmentexpense": 477663000,
        "sellingandmarketingexpense": 280597000,
        "generalandadministrativeexpense": 216874000,
        "costsandexpenses": 1472008000,
        "operatingincomeloss": -404339000,
        "investmentincomeinterest": 43144000,
        "interestexpense": 5343000,
        "othernonoperatingincomeexpense": 1323000,
        "incomelossfromcontinuingoperationsbeforeincometaxesextraordinaryitemsnoncontrollinginterest": -365215000,
        "incometaxexpensebenefit": 12093000,
        "netincomeloss": -377308000,
        "earningspersharebasic": -0.24,
        "earningspersharediluted": -0.24,
        "weightedaveragenumberofsharesoutstandingbasic": 1603172000,
        "weightedaveragenumberofdilutedsharesoutstanding": 1603172000,
        "othercomprehensiveincomeavailableforsalesecuritiesadjustmentnetoftaxportionattributabletoparent": -15579000,
        "othercomprehensiveincomeforeigncurrencytransactionandtranslationadjustmentnetoftaxportionattributabletoparent": 1082000,
        "othercomprehensiveincomelossnetoftaxportionattributabletoparent": -14497000,
        "comprehensiveincomenetoftax": -391805000
    },
    {
        "date": "2023-03-30",
        "symbol": "SNAP",
        "period": "Q1",
        "revenuefromcontractwithcustomerexcludingassessedtax": 988608000,
        "costofrevenue": 439986000,
        "researchanddevelopmentexpense": 455112000,
        "sellingandmarketingexpense": 268433000,
        "generalandadministrativeexpense": 190341000,
        "costsandexpenses": 1353872000,
        "operatingincomeloss": -365264000,
        "investmentincomeinterest": 37948000,
        "interestexpense": 5885000,
        "othernonoperatingincomeexpense": 11372000,
        "incomelossfromcontinuingoperationsbeforeincometaxesextraordinaryitemsnoncontrollinginterest": -321829000,
        "incometaxexpensebenefit": 6845000,
        "netincomeloss": -328674000,
        "earningspersharebasic": -0.21,
        "earningspersharediluted": -0.21,
        "weightedaveragenumberofsharesoutstandingbasic": 1581370000,
        "weightedaveragenumberofdilutedsharesoutstanding": 1581370000,
        "othercomprehensiveincomeavailableforsalesecuritiesadjustmentnetoftaxportionattributabletoparent": 9395000,
        "othercomprehensiveincomeforeigncurrencytransactionandtranslationadjustmentnetoftaxportionattributabletoparent": 2915000,
        "othercomprehensiveincomelossnetoftaxportionattributabletoparent": 12310000,
        "comprehensiveincomenetoftax": -316364000
    },
    {
        "date": "2022-12-30",
        "symbol": "SNAP",
        "period": "Q4",
        "revenuefromcontractwithcustomerexcludingassessedtax": 1299735000,
        "costofrevenue": 481311000,
        "researchanddevelopmentexpense": 584942000,
        "sellingandmarketingexpense": 295150000,
        "generalandadministrativeexpense": 225929000,
        "costsandexpenses": 1587332000,
        "operatingincomeloss": -287597000,
        "investmentincomeinterest": 28698000,
        "interestexpense": 5312000,
        "othernonoperatingincomeexpense": -20043000,
        "incomelossfromcontinuingoperationsbeforeincometaxesextraordinaryitemsnoncontrollinginterest": -284254000,
        "incometaxexpensebenefit": 4206000,
        "netincomeloss": -288460000,
        "earningspersharebasic": -0.19000000000000003,
        "earningspersharediluted": -0.19000000000000003,
        "weightedaveragenumberofsharesoutstandingbasic": -3251472000,
        "weightedaveragenumberofdilutedsharesoutstanding": -3251472000,
        "othercomprehensiveincomeavailableforsalesecuritiesadjustmentnetoftaxportionattributabletoparent": 5212000,
        "othercomprehensiveincomeforeigncurrencytransactionandtranslationadjustmentnetoftaxportionattributabletoparent": 14085000,
        "othercomprehensiveincomelossnetoftaxportionattributabletoparent": 19297000,
        "comprehensiveincomenetoftax": -269163000
    },
    {
        "date": "2022-09-29",
        "symbol": "SNAP",
        "period": "Q3",
        "revenuefromcontractwithcustomerexcludingassessedtax": 1128476000,
        "costofrevenue": 466757000,
        "researchanddevelopmentexpense": 564258000,
        "sellingandmarketingexpense": 270336000,
        "generalandadministrativeexpense": 262367000,
        "costsandexpenses": 1563718000,
        "operatingincomeloss": -435242000,
        "investmentincomeinterest": 18445000,
        "interestexpense": 5425000,
        "othernonoperatingincomeexpense": 71961000,
        "incomelossfromcontinuingoperationsbeforeincometaxesextraordinaryitemsnoncontrollinginterest": -350261000,
        "incometaxexpensebenefit": 9241000,
        "netincomeloss": -359502000,
        "earningspersharebasic": -0.22,
        "earningspersharediluted": -0.22,
        "weightedaveragenumberofsharesoutstandingbasic": 1608523000,
        "weightedaveragenumberofdilutedsharesoutstanding": 1608523000,
        "othercomprehensiveincomeavailableforsalesecuritiesadjustmentnetoftaxportionattributabletoparent": -2495000,
        "othercomprehensiveincomeforeigncurrencytransactionandtranslationadjustmentnetoftaxportionattributabletoparent": -10933000,
        "othercomprehensiveincomelossnetoftaxportionattributabletoparent": -13428000,
        "comprehensiveincomenetoftax": -372930000
    },
    {
        "date": "2022-06-29",
        "symbol": "SNAP",
        "period": "Q2",
        "revenuefromcontractwithcustomerexcludingassessedtax": 1110909000,
        "costofrevenue": 446377000,
        "researchanddevelopmentexpense": 505037000,
        "sellingandmarketingexpense": 311374000,
        "generalandadministrativeexpense": 249061000,
        "costsandexpenses": 1511849000,
        "operatingincomeloss": -400940000,
        "investmentincomeinterest": 8331000,
        "interestexpense": 5549000,
        "othernonoperatingincomeexpense": -16910000,
        "incomelossfromcontinuingoperationsbeforeincometaxesextraordinaryitemsnoncontrollinginterest": -415068000,
        "incometaxexpensebenefit": 6999000,
        "netincomeloss": -422067000,
        "earningspersharebasic": -0.26,
        "earningspersharediluted": -0.26,
        "weightedaveragenumberofsharesoutstandingbasic": 1632140000,
        "weightedaveragenumberofdilutedsharesoutstanding": 1632140000,
        "othercomprehensiveincomeavailableforsalesecuritiesadjustmentnetoftaxportionattributabletoparent": -5332000,
        "othercomprehensiveincomeforeigncurrencytransactionandtranslationadjustmentnetoftaxportionattributabletoparent": -10498000,
        "othercomprehensiveincomelossnetoftaxportionattributabletoparent": -15830000,
        "comprehensiveincomenetoftax": -437897000
    },
    {
        "date": "2022-03-30",
        "symbol": "SNAP",
        "period": "Q1",
        "revenuefromcontractwithcustomerexcludingassessedtax": 1062727000,
        "costofrevenue": 420897000,
        "researchanddevelopmentexpense": 455563000,
        "sellingandmarketingexpense": 241886000,
        "generalandadministrativeexpense": 215908000,
        "costsandexpenses": 1334254000,
        "operatingincomeloss": -271527000,
        "investmentincomeinterest": 3123000,
        "interestexpense": 5173000,
        "othernonoperatingincomeexpense": -77537000,
        "incomelossfromcontinuingoperationsbeforeincometaxesextraordinaryitemsnoncontrollinginterest": -351114000,
        "incometaxexpensebenefit": 8510000,
        "netincomeloss": -359624000,
        "earningspersharebasic": -0.22,
        "earningspersharediluted": -0.22,
        "weightedaveragenumberofsharesoutstandingbasic": 1619113000,
        "weightedaveragenumberofdilutedsharesoutstanding": 1619113000,
        "othercomprehensiveincomeavailableforsalesecuritiesadjustmentnetoftaxportionattributabletoparent": -6692000,
        "othercomprehensiveincomeforeigncurrencytransactionandtranslationadjustmentnetoftaxportionattributabletoparent": -2842000,
        "othercomprehensiveincomelossnetoftaxportionattributabletoparent": -9534000,
        "comprehensiveincomenetoftax": -369158000
    },
    {
        "date": "2021-12-30",
        "symbol": "SNAP",
        "period": "Q4",
        "revenuefromcontractwithcustomerexcludingassessedtax": 1297885000,
        "costofrevenue": 449151000,
        "researchanddevelopmentexpense": 434195000,
        "sellingandmarketingexpense": 245228000,
        "generalandadministrativeexpense": 194438000,
        "costsandexpenses": 1323012000,
        "operatingincomeloss": -25127000,
        "investmentincomeinterest": 1554000,
        "interestexpense": 4050000,
        "othernonoperatingincomeexpense": 63204000,
        "incomelossfromcontinuingoperationsbeforeincometaxesextraordinaryitemsnoncontrollinginterest": 35581000,
        "incometaxexpensebenefit": 13031000,
        "netincomeloss": 22550000,
        "earningspersharebasic": 0.03,
        "earningspersharediluted": 0.03,
        "weightedaveragenumberofsharesoutstandingbasic": -3070839000,
        "weightedaveragenumberofdilutedsharesoutstanding": -3070839000,
        "othercomprehensiveincomeavailableforsalesecuritiesadjustmentnetoftaxportionattributabletoparent": -1616000,
        "othercomprehensiveincomeforeigncurrencytransactionandtranslationadjustmentnetoftaxportionattributabletoparent": -2642000,
        "othercomprehensiveincomelossnetoftaxportionattributabletoparent": -4258000,
        "comprehensiveincomenetoftax": 18292000
    },
    {
        "date": "2021-09-29",
        "symbol": "SNAP",
        "period": "Q3",
        "revenuefromcontractwithcustomerexcludingassessedtax": 1067471000,
        "costofrevenue": 443473000,
        "researchanddevelopmentexpense": 412021000,
        "sellingandmarketingexpense": 217526000,
        "generalandadministrativeexpense": 175275000,
        "costsandexpenses": 1248295000,
        "operatingincomeloss": -180824000,
        "investmentincomeinterest": 1257000,
        "interestexpense": 4031000,
        "othernonoperatingincomeexpense": 112631000,
        "incomelossfromcontinuingoperationsbeforeincometaxesextraordinaryitemsnoncontrollinginterest": -70967000,
        "incometaxexpensebenefit": 992000,
        "netincomeloss": -71959000,
        "earningspersharebasic": -0.05,
        "earningspersharediluted": -0.05,
        "weightedaveragenumberofsharesoutstandingbasic": 1580966000,
        "weightedaveragenumberofdilutedsharesoutstanding": 1580966000,
        "othercomprehensiveincomeavailableforsalesecuritiesadjustmentnetoftaxportionattributabletoparent": 23000,
        "othercomprehensiveincomeforeigncurrencytransactionandtranslationadjustmentnetoftaxportionattributabletoparent": -4091000,
        "othercomprehensiveincomelossnetoftaxportionattributabletoparent": -4068000,
        "comprehensiveincomenetoftax": -76027000
    },
    {
        "date": "2021-06-29",
        "symbol": "SNAP",
        "period": "Q2",
        "revenuefromcontractwithcustomerexcludingassessedtax": 982108000,
        "costofrevenue": 445021000,
        "researchanddevelopmentexpense": 370671000,
        "sellingandmarketingexpense": 179724000,
        "generalandadministrativeexpense": 179204000,
        "costsandexpenses": 1174620000,
        "operatingincomeloss": -192512000,
        "investmentincomeinterest": 1251000,
        "interestexpense": 4564000,
        "othernonoperatingincomeexpense": 42282000,
        "incomelossfromcontinuingoperationsbeforeincometaxesextraordinaryitemsnoncontrollinginterest": -153543000,
        "incometaxexpensebenefit": -1879000,
        "netincomeloss": -151664000,
        "earningspersharebasic": -0.1,
        "earningspersharediluted": -0.1,
        "weightedaveragenumberofsharesoutstandingbasic": 1547234000,
        "weightedaveragenumberofdilutedsharesoutstanding": 1547234000,
        "othercomprehensiveincomeavailableforsalesecuritiesadjustmentnetoftaxportionattributabletoparent": -258000,
        "othercomprehensiveincomeforeigncurrencytransactionandtranslationadjustmentnetoftaxportionattributabletoparent": 2195000,
        "othercomprehensiveincomelossnetoftaxportionattributabletoparent": 1937000,
        "comprehensiveincomenetoftax": -149727000
    },
    {
        "date": "2021-03-30",
        "symbol": "SNAP",
        "period": "Q1",
        "revenuefromcontractwithcustomerexcludingassessedtax": 769584000,
        "costofrevenue": 412601000,
        "researchanddevelopmentexpense": 348580000,
        "sellingandmarketingexpense": 150286000,
        "generalandadministrativeexpense": 161723000,
        "costsandexpenses": 1073190000,
        "operatingincomeloss": -303606000,
        "investmentincomeinterest": 1137000,
        "interestexpense": 5031000,
        "othernonoperatingincomeexpense": 22058000,
        "incomelossfromcontinuingoperationsbeforeincometaxesextraordinaryitemsnoncontrollinginterest": -285442000,
        "incometaxexpensebenefit": 1440000,
        "netincomeloss": -286882000,
        "earningspersharebasic": -0.19,
        "earningspersharediluted": -0.19,
        "weightedaveragenumberofsharesoutstandingbasic": 1501636000,
        "weightedaveragenumberofdilutedsharesoutstanding": 1501636000,
        "othercomprehensiveincomeavailableforsalesecuritiesadjustmentnetoftaxportionattributabletoparent": 116000,
        "othercomprehensiveincomeforeigncurrencytransactionandtranslationadjustmentnetoftaxportionattributabletoparent": -9569000,
        "othercomprehensiveincomelossnetoftaxportionattributabletoparent": -9453000,
        "comprehensiveincomenetoftax": -296335000
    },
    {
        "date": "2020-12-30",
        "symbol": "SNAP",
        "period": "Q4",
        "revenuefromcontractwithcustomerexcludingassessedtax": 911322000,
        "costofrevenue": 385546000,
        "researchanddevelopmentexpense": 318446000,
        "sellingandmarketingexpense": 157634000,
        "generalandadministrativeexpense": 146932000,
        "costsandexpenses": 1008558000,
        "operatingincomeloss": -97236000,
        "investmentincomeinterest": 1969000,
        "interestexpense": 29176000,
        "othernonoperatingincomeexpense": 29471000,
        "incomelossfromcontinuingoperationsbeforeincometaxesextraordinaryitemsnoncontrollinginterest": -94972000,
        "incometaxexpensebenefit": 18127000,
        "netincomeloss": -113099000,
        "earningspersharebasic": -0.07000000000000003,
        "earningspersharediluted": -0.07000000000000003,
        "weightedaveragenumberofsharesoutstandingbasic": -2884054000,
        "weightedaveragenumberofdilutedsharesoutstanding": -2884054000,
        "othercomprehensiveincomeavailableforsalesecuritiesadjustmentnetoftaxportionattributabletoparent": -473000,
        "othercomprehensiveincomeforeigncurrencytransactionandtranslationadjustmentnetoftaxportionattributabletoparent": 13337000,
        "othercomprehensiveincomelossnetoftaxportionattributabletoparent": 12864000,
        "comprehensiveincomenetoftax": -100235000
    },
    {
        "date": "2020-09-29",
        "symbol": "SNAP",
        "period": "Q3",
        "revenuefromcontractwithcustomerexcludingassessedtax": 678668000,
        "costofrevenue": 293095000,
        "researchanddevelopmentexpense": 283639000,
        "sellingandmarketingexpense": 143511000,
        "generalandadministrativeexpense": 126287000,
        "costsandexpenses": 846532000,
        "operatingincomeloss": -167864000,
        "investmentincomeinterest": 2801000,
        "interestexpense": 28212000,
        "othernonoperatingincomeexpense": -5669000,
        "incomelossfromcontinuingoperationsbeforeincometaxesextraordinaryitemsnoncontrollinginterest": -198944000,
        "incometaxexpensebenefit": 909000,
        "netincomeloss": -199853000,
        "earningspersharebasic": -0.14,
        "earningspersharediluted": -0.14,
        "weightedaveragenumberofsharesoutstandingbasic": 1466420000,
        "weightedaveragenumberofdilutedsharesoutstanding": 1466420000,
        "othercomprehensiveincomeavailableforsalesecuritiesadjustmentnetoftaxportionattributabletoparent": -1210000,
        "othercomprehensiveincomeforeigncurrencytransactionandtranslationadjustmentnetoftaxportionattributabletoparent": 10318000,
        "othercomprehensiveincomelossnetoftaxportionattributabletoparent": 9108000,
        "comprehensiveincomenetoftax": -190745000
    },
    {
        "date": "2020-06-29",
        "symbol": "SNAP",
        "period": "Q2",
        "revenuefromcontractwithcustomerexcludingassessedtax": 454158000,
        "costofrevenue": 250454000,
        "researchanddevelopmentexpense": 260863000,
        "sellingandmarketingexpense": 132118000,
        "generalandadministrativeexpense": 121331000,
        "costsandexpenses": 764766000,
        "operatingincomeloss": -310608000,
        "investmentincomeinterest": 4768000,
        "interestexpense": 24727000,
        "othernonoperatingincomeexpense": 3575000,
        "incomelossfromcontinuingoperationsbeforeincometaxesextraordinaryitemsnoncontrollinginterest": -326992000,
        "incometaxexpensebenefit": -1041000,
        "netincomeloss": -325951000,
        "earningspersharebasic": -0.23,
        "earningspersharediluted": -0.23,
        "weightedaveragenumberofsharesoutstandingbasic": 1447022000,
        "weightedaveragenumberofdilutedsharesoutstanding": 1447022000,
        "othercomprehensiveincomeavailableforsalesecuritiesadjustmentnetoftaxportionattributabletoparent": -2527000,
        "othercomprehensiveincomeforeigncurrencytransactionandtranslationadjustmentnetoftaxportionattributabletoparent": 4814000,
        "othercomprehensiveincomelossnetoftaxportionattributabletoparent": 2287000,
        "comprehensiveincomenetoftax": -323664000
    },
    {
        "date": "2020-03-30",
        "symbol": "SNAP",
        "period": "Q1",
        "revenuefromcontractwithcustomerexcludingassessedtax": 462478000,
        "costofrevenue": 253410000,
        "researchanddevelopmentexpense": 238613000,
        "sellingandmarketingexpense": 122205000,
        "generalandadministrativeexpense": 134614000,
        "costsandexpenses": 748842000,
        "operatingincomeloss": -286364000,
        "investmentincomeinterest": 8589000,
        "interestexpense": 15113000,
        "othernonoperatingincomeexpense": -12389000,
        "incomelossfromcontinuingoperationsbeforeincometaxesextraordinaryitemsnoncontrollinginterest": -305277000,
        "incometaxexpensebenefit": 659000,
        "netincomeloss": -305936000,
        "earningspersharebasic": -0.21,
        "earningspersharediluted": -0.21,
        "weightedaveragenumberofsharesoutstandingbasic": 1426305000,
        "weightedaveragenumberofdilutedsharesoutstanding": 1426305000,
        "othercomprehensiveincomeavailableforsalesecuritiesadjustmentnetoftaxportionattributabletoparent": 3694000,
        "othercomprehensiveincomeforeigncurrencytransactionandtranslationadjustmentnetoftaxportionattributabletoparent": -7163000,
        "othercomprehensiveincomelossnetoftaxportionattributabletoparent": -3469000,
        "comprehensiveincomenetoftax": -309405000
    },
    {
        "date": "2019-12-30",
        "symbol": "SNAP",
        "period": "Q4",
        "revenuefromcontractwithcustomerexcludingassessedtax": 692514000,
        "costofrevenue": 253439000,
        "researchanddevelopmentexpense": 219526000,
        "sellingandmarketingexpense": 125972000,
        "generalandadministrativeexpense": 215547000,
        "costsandexpenses": 814484000,
        "operatingincomeloss": -253596000,
        "investmentincomeinterest": 10463000,
        "interestexpense": 14775000,
        "othernonoperatingincomeexpense": 17536000,
        "incomelossfromcontinuingoperationsbeforeincometaxesextraordinaryitemsnoncontrollinginterest": -240372000,
        "incometaxexpensebenefit": 332000,
        "netincomeloss": -494165000,
        "earningspersharebasic": -0.16999999999999996,
        "earningspersharediluted": -0.16999999999999996,
        "weightedaveragenumberofsharesoutstandingbasic": -1626382000,
        "weightedaveragenumberofdilutedsharesoutstanding": -1626382000,
        "othercomprehensiveincomeavailableforsalesecuritiesadjustmentnetoftaxportionattributabletoparent": 188000,
        "othercomprehensiveincomeforeigncurrencytransactionandtranslationadjustmentnetoftaxportionattributabletoparent": 7558000,
        "othercomprehensiveincomelossnetoftaxportionattributabletoparent": 8055000,
        "comprehensiveincomenetoftax": -232958000
    },
    {
        "date": "2019-09-29",
        "symbol": "SNAP",
        "period": "Q3",
        "revenuefromcontractwithcustomerexcludingassessedtax": 446199000,
        "costofrevenue": 223140000,
        "researchanddevelopmentexpense": 211599000,
        "sellingandmarketingexpense": 123240000,
        "generalandadministrativeexpense": 117073000,
        "costsandexpenses": 675052000,
        "operatingincomeloss": -228853000,
        "investmentincomeinterest": 10317000,
        "interestexpense": 8654000,
        "othernonoperatingincomeexpense": -1481000,
        "incomelossfromcontinuingoperationsbeforeincometaxesextraordinaryitemsnoncontrollinginterest": -228671000,
        "incometaxexpensebenefit": -1296000,
        "netincomeloss": -227375000,
        "earningspersharebasic": -0.16,
        "earningspersharediluted": -0.16,
        "weightedaveragenumberofsharesoutstandingbasic": 1393358000,
        "weightedaveragenumberofdilutedsharesoutstanding": 1393358000,
        "othercomprehensiveincomeavailableforsalesecuritiesadjustmentnetoftaxportionattributabletoparent": -12000,
        "othercomprehensiveincomeforeigncurrencytransactionandtranslationadjustmentnetoftaxportionattributabletoparent": -9263000,
        "othercomprehensiveincomelossnetoftaxportionattributabletoparent": -9275000,
        "comprehensiveincomenetoftax": -236650000
    },
    {
        "date": "2019-06-29",
        "symbol": "SNAP",
        "period": "Q2",
        "revenuefromcontractwithcustomerexcludingassessedtax": 388021000,
        "costofrevenue": 215492000,
        "researchanddevelopmentexpense": 236199000,
        "sellingandmarketingexpense": 111504000,
        "generalandadministrativeexpense": 129644000,
        "costsandexpenses": 692839000,
        "operatingincomeloss": -304818000,
        "investmentincomeinterest": 7446000,
        "interestexpense": 809000,
        "othernonoperatingincomeexpense": 44085000,
        "incomelossfromcontinuingoperationsbeforeincometaxesextraordinaryitemsnoncontrollinginterest": -254096000,
        "incometaxexpensebenefit": 1078000,
        "netincomeloss": -255174000,
        "earningspersharebasic": -0.19,
        "earningspersharediluted": -0.19,
        "weightedaveragenumberofsharesoutstandingbasic": 1362544000,
        "weightedaveragenumberofdilutedsharesoutstanding": 1362544000,
        "othercomprehensiveincomeavailableforsalesecuritiesadjustmentnetoftaxportionattributabletoparent": 312000,
        "othercomprehensiveincomeforeigncurrencytransactionandtranslationadjustmentnetoftaxportionattributabletoparent": 1858000,
        "othercomprehensiveincomelossnetoftaxportionattributabletoparent": 2170000,
        "comprehensiveincomenetoftax": -253004000
    },
    {
        "date": "2019-03-30",
        "symbol": "SNAP",
        "period": "Q1",
        "revenuefromcontractwithcustomerexcludingassessedtax": 188800000,
        "costofrevenue": 203767000,
        "researchanddevelopmentexpense": 216185000,
        "sellingandmarketingexpense": 97882000,
        "generalandadministrativeexpense": 118653000,
        "costsandexpenses": 636487000,
        "operatingincomeloss": -316061000,
        "investmentincomeinterest": 7816000,
        "interestexpense": 756000,
        "othernonoperatingincomeexpense": -1127000,
        "incomelossfromcontinuingoperationsbeforeincometaxesextraordinaryitemsnoncontrollinginterest": -310128000,
        "incometaxexpensebenefit": 279000,
        "netincomeloss": -56946000,
        "earningspersharebasic": -0.23,
        "earningspersharediluted": -0.23,
        "weightedaveragenumberofsharesoutstandingbasic": 245942000,
        "weightedaveragenumberofdilutedsharesoutstanding": 245942000,
        "othercomprehensiveincomeavailableforsalesecuritiesadjustmentnetoftaxportionattributabletoparent": 309000,
        "othercomprehensiveincomeforeigncurrencytransactionandtranslationadjustmentnetoftaxportionattributabletoparent": -3524000,
        "othercomprehensiveincomelossnetoftaxportionattributabletoparent": -3524000,
        "comprehensiveincomenetoftax": -313622000
    },
    {
        "date": "2018-12-30",
        "symbol": "SNAP",
        "period": "Q4",
        "costofrevenue": 212948000,
        "researchanddevelopmentexpense": 164443000,
        "sellingandmarketingexpense": 99474000,
        "generalandadministrativeexpense": 107664000,
        "costsandexpenses": 584529000,
        "operatingincomeloss": -194707000,
        "investmentincomeinterest": 7513000,
        "interestexpense": 1111000,
        "othernonoperatingincomeexpense": -3715000,
        "incomelossfromcontinuingoperationsbeforeincometaxesextraordinaryitemsnoncontrollinginterest": -192020000,
        "incometaxexpensebenefit": -352000,
        "netincomeloss": -34421000,
        "earningspersharebasic": -0.14999999999999997,
        "earningspersharediluted": -0.14999999999999997,
        "othercomprehensiveincomeavailableforsalesecuritiesadjustmentnetoftaxportionattributabletoparent": 146000,
        "othercomprehensiveincomeforeigncurrencytransactionandtranslationadjustmentnetoftaxportionattributabletoparent": -3469000,
        "othercomprehensiveincomelossnetoftaxportionattributabletoparent": -4033000,
        "comprehensiveincomenetoftax": -194991000
    },
    {
        "date": "2018-09-29",
        "symbol": "SNAP",
        "period": "Q3",
        "revenuefromcontractwithcustomerexcludingassessedtax": 188500000,
        "costofrevenue": 197554000,
        "researchanddevelopmentexpense": 203510000,
        "sellingandmarketingexpense": 97552000,
        "generalandadministrativeexpense": 122450000,
        "costsandexpenses": 621066000,
        "operatingincomeloss": -323371000,
        "investmentincomeinterest": 7011000,
        "interestexpense": 919000,
        "othernonoperatingincomeexpense": -7625000,
        "incomelossfromcontinuingoperationsbeforeincometaxesextraordinaryitemsnoncontrollinginterest": -324904000,
        "incometaxexpensebenefit": 244000,
        "netincomeloss": -61426000,
        "earningspersharebasic": -0.25,
        "earningspersharediluted": -0.25,
        "weightedaveragenumberofsharesoutstandingbasic": 247464000,
        "weightedaveragenumberofdilutedsharesoutstanding": 247464000,
        "othercomprehensiveincomeavailableforsalesecuritiesadjustmentnetoftaxportionattributabletoparent": 71000,
        "othercomprehensiveincomeforeigncurrencytransactionandtranslationadjustmentnetoftaxportionattributabletoparent": -1808000,
        "othercomprehensiveincomelossnetoftaxportionattributabletoparent": -1737000,
        "comprehensiveincomenetoftax": -326885000
    },
    {
        "date": "2018-06-29",
        "symbol": "SNAP",
        "period": "Q2",
        "revenuefromcontractwithcustomerexcludingassessedtax": 165900000,
        "costofrevenue": 191565000,
        "researchanddevelopmentexpense": 203246000,
        "sellingandmarketingexpense": 101685000,
        "generalandadministrativeexpense": 123609000,
        "costsandexpenses": 620105000,
        "operatingincomeloss": -357842000,
        "investmentincomeinterest": 6600000,
        "interestexpense": 930000,
        "othernonoperatingincomeexpense": -61000,
        "incomelossfromcontinuingoperationsbeforeincometaxesextraordinaryitemsnoncontrollinginterest": -352233000,
        "incometaxexpensebenefit": 1077000,
        "netincomeloss": -67926000,
        "earningspersharebasic": -0.27,
        "earningspersharediluted": -0.27,
        "othercomprehensiveincomeavailableforsalesecuritiesadjustmentnetoftaxportionattributabletoparent": 450000,
        "othercomprehensiveincomeforeigncurrencytransactionandtranslationadjustmentnetoftaxportionattributabletoparent": -13206000,
        "othercomprehensiveincomelossnetoftaxportionattributabletoparent": -12756000,
        "comprehensiveincomenetoftax": -366066000
    },
    {
        "date": "2018-03-30",
        "symbol": "SNAP",
        "period": "Q1",
        "revenues": 230666000,
        "costofrevenue": 196798000,
        "researchanddevelopmentexpense": 200986000,
        "sellingandmarketingexpense": 102113000,
        "generalandadministrativeexpense": 123299000,
        "costsandexpenses": 623196000,
        "operatingincomeloss": -392530000,
        "investmentincomeinterest": 6104000,
        "interestexpense": 934000,
        "othernonoperatingincomeexpense": 3153000,
        "incomelossfromcontinuingoperationsbeforeincometaxesextraordinaryitemsnoncontrollinginterest": -384207000,
        "incometaxexpensebenefit": 1578000,
        "netincomeloss": -76006000,
        "earningspersharebasic": -0.3,
        "earningspersharediluted": -0.3,
        "othercomprehensiveincomeavailableforsalesecuritiesadjustmentnetoftaxportionattributabletoparent": 43000,
        "othercomprehensiveincomeforeigncurrencytransactionandtranslationadjustmentnetoftaxportionattributabletoparent": 6763000,
        "othercomprehensiveincomelossnetoftaxportionattributabletoparent": 6806000,
        "comprehensiveincomenetoftax": -378979000
    },
    {
        "date": "2017-12-30",
        "symbol": "SNAP",
        "period": "Q4",
        "revenues": 74923000,
        "costofrevenue": 191246000,
        "researchanddevelopmentexpense": 233838000,
        "sellingandmarketingexpense": 110458000,
        "generalandadministrativeexpense": 111115000,
        "costsandexpenses": 646657000,
        "operatingincomeloss": -360964000,
        "investmentincomeinterest": 6070000,
        "interestexpense": 876000,
        "othernonoperatingincomeexpense": 2553000,
        "incomelossfromcontinuingoperationsbeforeincometaxesextraordinaryitemsnoncontrollinginterest": -353217000,
        "incometaxexpensebenefit": -3240000,
        "netincomeloss": -21656000,
        "earningspersharebasic": 0.07999999999999963,
        "earningspersharediluted": 0.07999999999999963,
        "othercomprehensiveincomeavailableforsalesecuritiesadjustmentnetoftaxportionattributabletoparent": -711000,
        "othercomprehensiveincomeforeigncurrencytransactionandtranslationadjustmentnetoftaxportionattributabletoparent": 3186000,
        "othercomprehensiveincomelossnetoftaxportionattributabletoparent": 3597000,
        "comprehensiveincomenetoftax": -347502000
    },
    {
        "date": "2017-09-29",
        "symbol": "SNAP",
        "period": "Q3",
        "revenues": 45157000,
        "costofrevenue": 210710000,
        "researchanddevelopmentexpense": 239442000,
        "sellingandmarketingexpense": 101511000,
        "generalandadministrativeexpense": 118101000,
        "costsandexpenses": 669764000,
        "operatingincomeloss": -461827000,
        "investmentincomeinterest": 6253000,
        "interestexpense": 887000,
        "othernonoperatingincomeexpense": 1002000,
        "incomelossfromcontinuingoperationsbeforeincometaxesextraordinaryitemsnoncontrollinginterest": -455459000,
        "incometaxexpensebenefit": -12300000,
        "netincomeloss": -91053000,
        "earningspersharebasic": -0.36,
        "earningspersharediluted": -0.36,
        "othercomprehensiveincomeavailableforsalesecuritiesadjustmentnetoftaxportionattributabletoparent": 485000,
        "othercomprehensiveincomeforeigncurrencytransactionandtranslationadjustmentnetoftaxportionattributabletoparent": 7607000,
        "othercomprehensiveincomelossnetoftaxportionattributabletoparent": 8092000,
        "comprehensiveincomenetoftax": -435067000
    },
    {
        "date": "2017-06-29",
        "symbol": "SNAP",
        "period": "Q2",
        "revenues": 36010000,
        "costofrevenue": 152148000,
        "researchanddevelopmentexpense": 255735000,
        "sellingandmarketingexpense": 90903000,
        "generalandadministrativeexpense": 131903000,
        "costsandexpenses": 630689000,
        "operatingincomeloss": -449018000,
        "investmentincomeinterest": 6349000,
        "interestexpense": 998000,
        "othernonoperatingincomeexpense": 786000,
        "incomelossfromcontinuingoperationsbeforeincometaxesextraordinaryitemsnoncontrollinginterest": -442881000,
        "incometaxexpensebenefit": 212000,
        "netincomeloss": -91750000,
        "earningspersharebasic": -0.36,
        "earningspersharediluted": -0.36,
        "othercomprehensiveincomeavailableforsalesecuritiesadjustmentnetoftaxportionattributabletoparent": -772000,
        "othercomprehensiveincomeforeigncurrencytransactionandtranslationadjustmentnetoftaxportionattributabletoparent": 5997000,
        "othercomprehensiveincomelossnetoftaxportionattributabletoparent": 5225000,
        "comprehensiveincomenetoftax": -437868000
    },
    {
        "date": "2017-03-30",
        "symbol": "SNAP",
        "period": "Q1",
        "revenues": 25888000,
        "costofrevenue": 163358000,
        "researchanddevelopmentexpense": 805848000,
        "sellingandmarketingexpense": 219733000,
        "generalandadministrativeexpense": 1174476000,
        "costsandexpenses": 2363415000,
        "operatingincomeloss": -2213767000,
        "investmentincomeinterest": 2424000,
        "interestexpense": 695000,
        "othernonoperatingincomeexpense": 187000,
        "incomelossfromcontinuingoperationsbeforeincometaxesextraordinaryitemsnoncontrollinginterest": -2211851000,
        "incometaxexpensebenefit": -3014000,
        "netincomeloss": -523389000,
        "earningspersharebasic": -2.31,
        "earningspersharediluted": -2.31,
        "othercomprehensiveincomeavailableforsalesecuritiesadjustmentnetoftaxportionattributabletoparent": -124000,
        "othercomprehensiveincomeforeigncurrencytransactionandtranslationadjustmentnetoftaxportionattributabletoparent": 546000,
        "othercomprehensiveincomelossnetoftaxportionattributabletoparent": 422000,
        "comprehensiveincomenetoftax": -2208415000
    }
]