[
    {
        "date": "2024-09-29",
        "symbol": "PTC",
        "period": "Q4",
        "licenserevenue": 239448000,
        "supportandcloudservicesrevenue": 352935000,
        "softwarerevenue": 592383000,
        "professionalservicesrevenue": 34164000,
        "revenuefromcontractwithcustomerexcludingassessedtax": -1341425000,
        "costoflicenserevenue": 13847000,
        "costofsupportandcloudservicesrevenue": 70194000,
        "costofsoftwarerevenue": 84041000,
        "costofprofessionalservicesrevenue": 28784000,
        "costofgoodsandservicessold": 112825000,
        "grossprofit": 513722000,
        "sellingandmarketingexpense": 147191000,
        "researchanddevelopmentexpense": 110013000,
        "generalandadministrativeexpense": 51986000,
        "amortizationofacquiredintangibleassetsexcludingpurchasedsoftware": 10559000,
        "operatingexpenses": 319749000,
        "operatingincomeloss": 193973000,
        "interestexpense": -91405000,
        "nonoperatingincomeexpense": 1220000,
        "incomelossfromcontinuingoperationsbeforeincometaxesextraordinaryitemsnoncontrollinginterest": 170245000,
        "incometaxexpensebenefit": -59107000,
        "netincomeloss": 126523000,
        "earningspersharebasic": 1.0500000000000003,
        "earningspersharediluted": 1.0500000000000003,
        "weightedaveragenumberofsharesoutstandingbasic": 119679000,
        "weightedaveragenumberofdilutedsharesoutstanding": 120742000,
        "othercomprehensiveincomeforeigncurrencytransactionandtranslationadjustmentnetoftaxportionattributabletoparent": 35927000,
        "othercomprehensiveincomelosspensionandotherpostretirementbenefitplansadjustmentnetoftax": 3897000,
        "othercomprehensiveincomelossnetoftaxportionattributabletoparent": 18502000,
        "comprehensiveincomenetoftax": 145025000,
        "othercomprehensiveincomelossgeneralhedgegainlossbeforereclassificationtaxprovisionbenefitamount": -4400000
    },
    {
        "date": "2024-06-29",
        "symbol": "PTC",
        "period": "Q3",
        "licenserevenue": 149104000,
        "supportandcloudservicesrevenue": 339505000,
        "softwarerevenue": 488609000,
        "professionalservicesrevenue": 30030000,
        "revenuefromcontractwithcustomerexcludingassessedtax": 518639000,
        "costofsoftwarerevenue": 82040000,
        "costoflicenserevenue": 12072000,
        "costofsupportandcloudservicesrevenue": 69968000,
        "costofprofessionalservicesrevenue": 29876000,
        "costofgoodsandservicessold": 111916000,
        "grossprofit": 406723000,
        "sellingandmarketingexpense": 140318000,
        "researchanddevelopmentexpense": 110253000,
        "generalandadministrativeexpense": 49659000,
        "amortizationofacquiredintangibleassetsexcludingpurchasedsoftware": 10672000,
        "restructuringcostsandassetimpairmentcharges": 0,
        "operatingexpenses": 310902000,
        "operatingincomeloss": 95821000,
        "interestexpense": 27785000,
        "nonoperatingincomeexpense": -663000,
        "incomelossfromcontinuingoperationsbeforeincometaxesextraordinaryitemsnoncontrollinginterest": 67373000,
        "incometaxexpensebenefit": -1605000,
        "netincomeloss": 68978000,
        "earningspersharebasic": 0.5699999999999998,
        "earningspersharediluted": 0.5699999999999998,
        "weightedaveragenumberofsharesoutstandingbasic": 119533000,
        "weightedaveragenumberofdilutedsharesoutstanding": 120593000,
        "othercomprehensiveincomeforeigncurrencytransactionandtranslationadjustmentnetoftaxportionattributabletoparent": -9344000,
        "othercomprehensiveincomelosspensionandotherpostretirementbenefitplansadjustmentnetoftax": -112000,
        "othercomprehensiveincomelossnetoftaxportionattributabletoparent": -6940000,
        "comprehensiveincomenetoftax": 62038000,
        "othercomprehensiveincomelossgeneralhedgegainlossbeforereclassificationtaxprovisionbenefitamount": -2600000
    },
    {
        "date": "2024-03-30",
        "symbol": "PTC",
        "period": "Q2",
        "licenserevenue": 234321000,
        "supportandcloudservicesrevenue": 336446000,
        "softwarerevenue": 570767000,
        "professionalservicesrevenue": 32305000,
        "revenuefromcontractwithcustomerexcludingassessedtax": 603072000,
        "costofsoftwarerevenue": 78016000,
        "costoflicenserevenue": 10602000,
        "costofsupportandcloudservicesrevenue": 67414000,
        "costofprofessionalservicesrevenue": 32039000,
        "costofgoodsandservicessold": 110055000,
        "grossprofit": 493017000,
        "sellingandmarketingexpense": 134521000,
        "researchanddevelopmentexpense": 106998000,
        "generalandadministrativeexpense": 61526000,
        "amortizationofacquiredintangibleassetsexcludingpurchasedsoftware": 10424000,
        "restructuringcostsandassetimpairmentcharges": -7000,
        "operatingexpenses": 313462000,
        "operatingincomeloss": 179555000,
        "interestexpense": 31586000,
        "nonoperatingincomeexpense": -2224000,
        "incomelossfromcontinuingoperationsbeforeincometaxesextraordinaryitemsnoncontrollinginterest": 145745000,
        "incometaxexpensebenefit": 31300000,
        "netincomeloss": 114445000,
        "earningspersharebasic": 0.96,
        "earningspersharediluted": 0.95,
        "weightedaveragenumberofsharesoutstandingbasic": 119587000,
        "weightedaveragenumberofdilutedsharesoutstanding": 120712000,
        "othercomprehensiveincomelossgeneralhedgegainlossbeforereclassificationnetoftax": 6432000,
        "othercomprehensiveincomeforeigncurrencytransactionandtranslationadjustmentnetoftaxportionattributabletoparent": -24792000,
        "othercomprehensiveincomelosspensionandotherpostretirementbenefitplansadjustmentnetoftax": -216000,
        "othercomprehensiveincomelossnetoftaxportionattributabletoparent": -18144000,
        "comprehensiveincomenetoftax": 96301000,
        "othercomprehensiveincomelossgeneralhedgegainlossbeforereclassificationtaxprovisionbenefitamount": -2100000
    },
    {
        "date": "2023-12-30",
        "symbol": "PTC",
        "period": "Q1",
        "licenserevenue": 183998000,
        "supportandcloudservicesrevenue": 330469000,
        "softwarerevenue": 514467000,
        "professionalservicesrevenue": 35747000,
        "revenuefromcontractwithcustomerexcludingassessedtax": 550214000,
        "costofsoftwarerevenue": 77352000,
        "costoflicenserevenue": 10329000,
        "costofsupportandcloudservicesrevenue": 67023000,
        "costofprofessionalservicesrevenue": 32668000,
        "costofgoodsandservicessold": 110020000,
        "grossprofit": 440194000,
        "sellingandmarketingexpense": 136924000,
        "researchanddevelopmentexpense": 105783000,
        "generalandadministrativeexpense": 69206000,
        "amortizationofacquiredintangibleassetsexcludingpurchasedsoftware": 10363000,
        "restructuringcostsandassetimpairmentcharges": -795000,
        "operatingexpenses": 321481000,
        "operatingincomeloss": 118713000,
        "interestexpense": 35334000,
        "nonoperatingincomeexpense": 2220000,
        "incomelossfromcontinuingoperationsbeforeincometaxesextraordinaryitemsnoncontrollinginterest": 85599000,
        "incometaxexpensebenefit": 19212000,
        "netincomeloss": 66387000,
        "earningspersharebasic": 0.56,
        "earningspersharediluted": 0.55,
        "weightedaveragenumberofsharesoutstandingbasic": 119124000,
        "weightedaveragenumberofdilutedsharesoutstanding": 120250000,
        "othercomprehensiveincomelossgeneralhedgegainlossbeforereclassificationaftertax": -11511000,
        "othercomprehensiveincomeforeigncurrencytransactionandtranslationadjustmentnetoftaxportionattributabletoparent": 34674000,
        "othercomprehensiveincomelosspensionandotherpostretirementbenefitplansadjustmentnetoftax": 222000,
        "othercomprehensiveincomelossnetoftaxportionattributabletoparent": 22941000,
        "comprehensiveincomenetoftax": 89328000,
        "othercomprehensiveincomelossgeneralhedgegainlossbeforereclassificationtaxprovisionbenefitamount": 3800000
    },
    {
        "date": "2023-09-29",
        "symbol": "PTC",
        "period": "Q4",
        "licenserevenue": 184391000,
        "supportandcloudservicesrevenue": 324088000,
        "softwarerevenue": 508479000,
        "professionalservicesrevenue": 38141000,
        "revenuefromcontractwithcustomerexcludingassessedtax": 1042362000,
        "costoflicenserevenue": 11907000,
        "costofsupportandcloudservicesrevenue": 67401000,
        "costofsoftwarerevenue": 79308000,
        "costofprofessionalservicesrevenue": 36548000,
        "costofgoodsandservicessold": 115856000,
        "grossprofit": 430764000,
        "sellingandmarketingexpense": 137452000,
        "researchanddevelopmentexpense": 102025000,
        "generalandadministrativeexpense": 59567000,
        "amortizationofacquiredintangibleassetsexcludingpurchasedsoftware": 10670000,
        "restructuringcostsandassetimpairmentcharges": -84000,
        "operatingexpenses": 309630000,
        "operatingincomeloss": 121134000,
        "interestexpense": 35698000,
        "nonoperatingincomeexpense": 3111000,
        "incomelossfromcontinuingoperationsbeforeincometaxesextraordinaryitemsnoncontrollinginterest": 88547000,
        "incometaxexpensebenefit": 42944000,
        "netincomeloss": 45603000,
        "earningspersharebasic": 0.3699999999999998,
        "earningspersharediluted": 0.39,
        "weightedaveragenumberofsharesoutstandingbasic": 118341000,
        "weightedaveragenumberofdilutedsharesoutstanding": 119334000,
        "othercomprehensiveincomelossgeneralhedgegainlossbeforereclassificationaftertax": 6489000,
        "othercomprehensiveincomeforeigncurrencytransactionandtranslationadjustmentnetoftaxportionattributabletoparent": -24489000,
        "othercomprehensiveincomelossreclassificationadjustmentfromaocipensionandotherpostretirementbenefitplansfornetgainlossnetoftax": -36000,
        "othercomprehensiveincomelosspensionandotherpostretirementbenefitplansnetunamortizedgainlossofforeigncurrencyarisingduringperiodnetoftax": 164000,
        "othercomprehensiveincomelossnetoftaxportionattributabletoparent": -20442000,
        "comprehensiveincomenetoftax": 25161000,
        "othercomprehensiveincomelossgeneralhedgegainlossbeforereclassificationtaxprovisionbenefitamount": 5400000
    },
    {
        "date": "2023-06-29",
        "symbol": "PTC",
        "period": "Q3",
        "licenserevenue": 192940000,
        "supportandcloudservicesrevenue": 313721000,
        "softwarerevenue": 506661000,
        "professionalservicesrevenue": 35681000,
        "revenuefromcontractwithcustomerexcludingassessedtax": 46600000,
        "costofsoftwarerevenue": 79765000,
        "costoflicenserevenue": 11501000,
        "costofsupportandcloudservicesrevenue": 68264000,
        "costofprofessionalservicesrevenue": 36089000,
        "costofgoodsandservicessold": 115854000,
        "grossprofit": 426488000,
        "sellingandmarketingexpense": 145083000,
        "researchanddevelopmentexpense": 103819000,
        "generalandadministrativeexpense": 57055000,
        "amortizationofacquiredintangibleassetsexcludingpurchasedsoftware": 10670000,
        "restructuringcostsandassetimpairmentcharges": -39000,
        "operatingexpenses": 316588000,
        "operatingincomeloss": 109900000,
        "interestexpense": 35836000,
        "nonoperatingincomeexpense": 2462000,
        "incomelossfromcontinuingoperationsbeforeincometaxesextraordinaryitemsnoncontrollinginterest": 76526000,
        "incometaxexpensebenefit": 15128000,
        "netincomeloss": 61398000,
        "earningspersharebasic": 0.52,
        "earningspersharediluted": 0.51,
        "weightedaveragenumberofsharesoutstandingbasic": 118483000,
        "weightedaveragenumberofdilutedsharesoutstanding": 119392000,
        "othercomprehensiveincomelossgeneralhedgegainlossbeforereclassificationaftertax": -521000,
        "othercomprehensiveincomeforeigncurrencytransactionandtranslationadjustmentnetoftaxportionattributabletoparent": 1405000,
        "othercomprehensiveincomelossreclassificationadjustmentfromaocipensionandotherpostretirementbenefitplansfornetgainlossnetoftax": -43000,
        "othercomprehensiveincomelosspensionandotherpostretirementbenefitplansnetunamortizedgainlossofforeigncurrencyarisingduringperiodnetoftax": -67000,
        "othercomprehensiveincomelossnetoftaxportionattributabletoparent": 860000,
        "comprehensiveincomenetoftax": 62258000,
        "othercomprehensiveincomelossgeneralhedgegainlossbeforereclassificationtaxprovisionbenefitamount": 200000
    },
    {
        "date": "2023-03-30",
        "symbol": "PTC",
        "period": "Q2",
        "licenserevenue": 196993000,
        "supportandcloudservicesrevenue": 304071000,
        "softwarerevenue": 501064000,
        "professionalservicesrevenue": 41117000,
        "revenuefromcontractwithcustomerexcludingassessedtax": 542181000,
        "costofsoftwarerevenue": 76176000,
        "costoflicenserevenue": 17039000,
        "costofsupportandcloudservicesrevenue": 59137000,
        "costofprofessionalservicesrevenue": 37330000,
        "costofgoodsandservicessold": 113506000,
        "grossprofit": 428675000,
        "sellingandmarketingexpense": 129207000,
        "researchanddevelopmentexpense": 100349000,
        "generalandadministrativeexpense": 65923000,
        "amortizationofacquiredintangibleassetsexcludingpurchasedsoftware": 10656000,
        "restructuringcostsandassetimpairmentcharges": 1000,
        "operatingexpenses": 306136000,
        "operatingincomeloss": 122539000,
        "interestexpense": 41525000,
        "nonoperatingincomeexpense": 55000,
        "incomelossfromcontinuingoperationsbeforeincometaxesextraordinaryitemsnoncontrollinginterest": 81069000,
        "incometaxexpensebenefit": 17565000,
        "netincomeloss": 63504000,
        "earningspersharebasic": 0.54,
        "earningspersharediluted": 0.53,
        "weightedaveragenumberofsharesoutstandingbasic": 118260000,
        "weightedaveragenumberofdilutedsharesoutstanding": 119041000,
        "othercomprehensiveincomelossgeneralhedgegainlossbeforereclassificationaftertax": -1999000,
        "othercomprehensiveincomeforeigncurrencytransactionandtranslationadjustmentnetoftaxportionattributabletoparent": 8747000,
        "othercomprehensiveincomelossreclassificationadjustmentfromaocipensionandotherpostretirementbenefitplansfornetgainlossnetoftax": -41000,
        "othercomprehensiveincomelosspensionandotherpostretirementbenefitplansnetunamortizedgainlossofforeigncurrencyarisingduringperiodnetoftax": -65000,
        "othercomprehensiveincomelossnetoftaxportionattributabletoparent": 6724000,
        "comprehensiveincomenetoftax": 70228000,
        "othercomprehensiveincomelossgeneralhedgegainlossbeforereclassificationtaxprovisionbenefitamount": 700000
    },
    {
        "date": "2022-12-30",
        "symbol": "PTC",
        "period": "Q1",
        "revenuefromcontractwithcustomerexcludingassessedtax": 465910000,
        "licenserevenue": 172698000,
        "supportandcloudservicesrevenue": 257656000,
        "softwarerevenue": 430354000,
        "professionalservicesrevenue": 35556000,
        "costofgoodsandservicessold": 95790000,
        "costoflicenserevenue": 12753000,
        "costofsupportandcloudservicesrevenue": 50225000,
        "costofsoftwarerevenue": 62978000,
        "costofprofessionalservicesrevenue": 32812000,
        "grossprofit": 370120000,
        "sellingandmarketingexpense": 118383000,
        "researchanddevelopmentexpense": 88177000,
        "generalandadministrativeexpense": 50971000,
        "amortizationofacquiredintangibleassetsexcludingpurchasedsoftware": 8026000,
        "restructuringcostsandassetimpairmentcharges": -338000,
        "operatingexpenses": 265219000,
        "operatingincomeloss": 104901000,
        "interestexpense": 16358000,
        "nonoperatingincomeexpense": -2119000,
        "incomelossfromcontinuingoperationsbeforeincometaxesextraordinaryitemsnoncontrollinginterest": 86424000,
        "incometaxexpensebenefit": 11389000,
        "netincomeloss": 75035000,
        "earningspersharebasic": 0.64,
        "earningspersharediluted": 0.63,
        "weightedaveragenumberofsharesoutstandingbasic": 117819000,
        "weightedaveragenumberofdilutedsharesoutstanding": 118788000,
        "othercomprehensiveincomelossgeneralhedgegainlossbeforereclassificationaftertax": -11485000,
        "othercomprehensiveincomeforeigncurrencytransactionandtranslationadjustmentnetoftaxportionattributabletoparent": 60029000,
        "othercomprehensiveincomelossreclassificationadjustmentfromaocipensionandotherpostretirementbenefitplansfornetgainlossnetoftax": -41000,
        "othercomprehensiveincomelosspensionandotherpostretirementbenefitplansnetunamortizedgainlossofforeigncurrencyarisingduringperiodnetoftax": -349000,
        "othercomprehensiveincomelossnetoftaxportionattributabletoparent": 48236000,
        "comprehensiveincomenetoftax": 123271000,
        "othercomprehensiveincomelossgeneralhedgegainlossbeforereclassificationtaxprovisionbenefitamount": -3800000
    },
    {
        "date": "2022-09-29",
        "symbol": "PTC",
        "period": "Q4",
        "revenuefromcontractwithcustomerexcludingassessedtax": 421349000,
        "costofgoodsandservicessold": 238747000,
        "grossprofit": 354502000,
        "sellingandmarketingexpense": 105957000,
        "researchanddevelopmentexpense": 88183000,
        "generalandadministrativeexpense": 32942000,
        "amortizationofacquiredintangibleassetsexcludingpurchasedsoftware": 9105000,
        "restructuringcostsandassetimpairmentcharges": -653000,
        "operatingexpenses": 266378000,
        "operatingincomeloss": 146017000,
        "interestexpense": 15285000,
        "nonoperatingincomeexpense": 6646000,
        "incomelossfromcontinuingoperationsbeforeincometaxesextraordinaryitemsnoncontrollinginterest": 137378000,
        "incometaxexpensebenefit": 30541000,
        "netincomeloss": 70548000,
        "earningspersharebasic": 0.9099999999999998,
        "earningspersharediluted": 0.8999999999999998,
        "weightedaveragenumberofsharesoutstandingbasic": 80000,
        "weightedaveragenumberofdilutedsharesoutstanding": 136000,
        "othercomprehensiveincomelossgeneralhedgegainlossbeforereclassificationaftertax": 5484000,
        "othercomprehensiveincomeforeigncurrencytransactionandtranslationadjustmentnetoftaxportionattributabletoparent": -39949000,
        "othercomprehensiveincomelossreclassificationadjustmentfromaocipensionandotherpostretirementbenefitplansfornetgainlossnetoftax": -563000,
        "othercomprehensiveincomelosspensionandotherpostretirementbenefitplansnetunamortizedgainlossofforeigncurrencyarisingduringperiodnetoftax": -696000,
        "othercomprehensiveincomelossnetoftaxportionattributabletoparent": -19571000,
        "comprehensiveincomenetoftax": 87266000,
        "othercomprehensiveincomelossgeneralhedgegainlossbeforereclassificationtaxbenefitamount": 1800000,
        "othercomprehensiveincomelossreclassificationadjustmentfromaocipensionandotherpostretirementbenefitplansfornetgainlosstax": 200000
    },
    {
        "date": "2022-06-29",
        "symbol": "PTC",
        "period": "Q3",
        "revenuefromcontractwithcustomerexcludingassessedtax": 1124515000,
        "costofgoodsandservicessold": 125503000,
        "grossprofit": 418372000,
        "sellingandmarketingexpense": 137406000,
        "researchanddevelopmentexpense": 88170000,
        "generalandadministrativeexpense": 72381000,
        "amortizationofacquiredintangibleassetsexcludingpurchasedsoftware": 8931000,
        "restructuringcostsandassetimpairmentcharges": 4458000,
        "operatingexpenses": 280502000,
        "operatingincomeloss": 79977000,
        "interestexpense": 13758000,
        "nonoperatingincomeexpense": 34559000,
        "incomelossfromcontinuingoperationsbeforeincometaxesextraordinaryitemsnoncontrollinginterest": 100778000,
        "incometaxexpensebenefit": 30302000,
        "netincomeloss": 106765000,
        "earningspersharebasic": 0.6,
        "earningspersharediluted": 0.6,
        "weightedaveragenumberofsharesoutstandingbasic": -117241000,
        "weightedaveragenumberofdilutedsharesoutstanding": -118312000,
        "othercomprehensiveincomelossgeneralhedgegainlossbeforereclassificationaftertax": 5880000,
        "othercomprehensiveincomeforeigncurrencytransactionandtranslationadjustmentnetoftaxportionattributabletoparent": -35795000,
        "othercomprehensiveincomelossreclassificationadjustmentfromaocipensionandotherpostretirementbenefitplansfornetgainlossnetoftax": 78000,
        "othercomprehensiveincomelosspensionandotherpostretirementbenefitplansnetunamortizedgainlossofforeigncurrencyarisingduringperiodnetoftax": 1354000,
        "othercomprehensiveincomelossnetoftaxportionattributabletoparent": -28639000,
        "comprehensiveincomenetoftax": 41837000,
        "othercomprehensiveincomelossgeneralhedgegainlossbeforereclassificationtaxbenefitamount": 6000000,
        "othercomprehensiveincomelossreclassificationadjustmentfromaocipensionandotherpostretirementbenefitplansfornetgainlosstax": 400000
    },
    {
        "date": "2022-03-30",
        "symbol": "PTC",
        "period": "Q2",
        "revenuefromcontractwithcustomerexcludingassessedtax": 218375000,
        "costofgoodsandservicessold": 11936000,
        "grossprofit": 411890000,
        "sellingandmarketingexpense": 116408000,
        "researchanddevelopmentexpense": 81935000,
        "generalandadministrativeexpense": 47469000,
        "amortizationofacquiredintangibleassetsexcludingpurchasedsoftware": 8450000,
        "restructuringcostsandassetimpairmentcharges": -1562000,
        "operatingexpenses": 252700000,
        "operatingincomeloss": 159190000,
        "interestexpense": 12239000,
        "nonoperatingincomeexpense": -43385000,
        "incomelossfromcontinuingoperationsbeforeincometaxesextraordinaryitemsnoncontrollinginterest": 103566000,
        "incometaxexpensebenefit": 13887000,
        "netincomeloss": 89679000,
        "earningspersharebasic": 0.77,
        "earningspersharediluted": 0.76,
        "weightedaveragenumberofsharesoutstandingbasic": 117008000,
        "weightedaveragenumberofdilutedsharesoutstanding": 117811000,
        "othercomprehensiveincomelossgeneralhedgegainlossbeforereclassificationaftertax": 3697000,
        "othercomprehensiveincomeforeigncurrencytransactionandtranslationadjustmentnetoftaxportionattributabletoparent": -11356000,
        "othercomprehensiveincomelossreclassificationadjustmentfromaocipensionandotherpostretirementbenefitplansfornetgainlossnetoftax": -260000,
        "othercomprehensiveincomelosspensionandotherpostretirementbenefitplansnetunamortizedgainlossofforeigncurrencyarisingduringperiodnetoftax": 538000,
        "othercomprehensiveincomelossnetoftaxportionattributabletoparent": -6861000,
        "comprehensiveincomenetoftax": 82818000,
        "othercomprehensiveincomelossgeneralhedgegainlossbeforereclassificationtaxbenefitamount": -1200000,
        "othercomprehensiveincomelossreclassificationadjustmentfromaocipensionandotherpostretirementbenefitplansfornetgainlosstax": -100000
    },
    {
        "date": "2021-12-30",
        "symbol": "PTC",
        "period": "Q1",
        "revenuefromcontractwithcustomerexcludingassessedtax": 169108000,
        "costofgoodsandservicessold": 9794000,
        "grossprofit": 362603000,
        "sellingandmarketingexpense": 125476000,
        "researchanddevelopmentexpense": 80534000,
        "generalandadministrativeexpense": 51940000,
        "amortizationofacquiredintangibleassetsexcludingpurchasedsoftware": 8484000,
        "restructuringcostsandassetimpairmentcharges": 33991000,
        "operatingexpenses": 300425000,
        "operatingincomeloss": 62178000,
        "interestexpense": 12986000,
        "nonoperatingincomeexpense": 6184000,
        "incomelossfromcontinuingoperationsbeforeincometaxesextraordinaryitemsnoncontrollinginterest": 55376000,
        "incometaxexpensebenefit": 9287000,
        "netincomeloss": 46089000,
        "earningspersharebasic": 0.39,
        "earningspersharediluted": 0.39,
        "weightedaveragenumberofsharesoutstandingbasic": 117347000,
        "weightedaveragenumberofdilutedsharesoutstanding": 118598000,
        "othercomprehensiveincomelossgeneralhedgegainlossbeforereclassificationaftertax": 2495000,
        "othercomprehensiveincomeforeigncurrencytransactionandtranslationadjustmentnetoftaxportionattributabletoparent": -5668000,
        "othercomprehensiveincomelossreclassificationadjustmentfromaocipensionandotherpostretirementbenefitplansfornetgainlossnetoftax": -265000,
        "othercomprehensiveincomelosspensionandotherpostretirementbenefitplansnetunamortizedgainlossofforeigncurrencyarisingduringperiodnetoftax": 385000,
        "othercomprehensiveincomelossnetoftaxportionattributabletoparent": -2523000,
        "comprehensiveincomenetoftax": 43566000,
        "othercomprehensiveincomelossgeneralhedgegainlossbeforereclassificationtaxbenefitamount": -800000,
        "othercomprehensiveincomelossreclassificationadjustmentfromaocipensionandotherpostretirementbenefitplansfornetgainlosstax": -100000
    },
    {
        "date": "2021-09-29",
        "symbol": "PTC",
        "period": "Q4",
        "revenuefromcontractwithcustomerexcludingassessedtax": 199284000,
        "costofgoodsandservicessold": 18832000,
        "grossprofit": 380908000,
        "sellingandmarketingexpense": 129464000,
        "researchanddevelopmentexpense": 78403000,
        "generalandadministrativeexpense": 48589000,
        "amortizationofacquiredintangibleassetsexcludingpurchasedsoftware": 7688000,
        "restructuringcostsandassetimpairmentcharges": 1627000,
        "operatingexpenses": 265771000,
        "operatingincomeloss": 115137000,
        "interestexpense": 12856000,
        "nonoperatingincomeexpense": 67241000,
        "incomelossfromcontinuingoperationsbeforeincometaxesextraordinaryitemsnoncontrollinginterest": 169522000,
        "incometaxexpensebenefit": -123421000,
        "netincomeloss": 292943000,
        "earningspersharebasic": 2.5,
        "earningspersharediluted": 2.4699999999999998,
        "weightedaveragenumberofsharesoutstandingbasic": 134000,
        "weightedaveragenumberofdilutedsharesoutstanding": 186000,
        "othercomprehensiveincomelossgeneralhedgegainlossbeforereclassificationaftertax": 2807000,
        "othercomprehensiveincomeforeigncurrencytransactionandtranslationadjustmentnetoftaxportionattributabletoparent": -8968000,
        "othercomprehensiveincomelossreclassificationadjustmentfromaocipensionandotherpostretirementbenefitplansfornetgainlossnetoftax": -716000,
        "othercomprehensiveincomelosspensionandotherpostretirementbenefitplansnetunamortizedgainlossofforeigncurrencyarisingduringperiodnetoftax": 520000,
        "othercomprehensiveincomelossnetoftaxportionattributabletoparent": -3034000,
        "comprehensiveincomenetoftax": 289909000,
        "othercomprehensiveincomelossreclassificationadjustmentfromaocipensionandotherpostretirementbenefitplansfornetgainlosstax": 2100000
    },
    {
        "date": "2021-06-29",
        "symbol": "PTC",
        "period": "Q3",
        "revenuefromcontractwithcustomerexcludingassessedtax": 163583000,
        "costofgoodsandservicessold": 15502000,
        "grossprofit": 340591000,
        "sellingandmarketingexpense": 134412000,
        "researchanddevelopmentexpense": 78134000,
        "generalandadministrativeexpense": 47084000,
        "amortizationofacquiredintangibleassetsexcludingpurchasedsoftware": 7511000,
        "restructuringcostsandassetimpairmentcharges": -132000,
        "operatingexpenses": 267009000,
        "operatingincomeloss": 73582000,
        "interestexpense": 13178000,
        "nonoperatingincomeexpense": -1935000,
        "incomelossfromcontinuingoperationsbeforeincometaxesextraordinaryitemsnoncontrollinginterest": 58469000,
        "incometaxexpensebenefit": 7266000,
        "netincomeloss": 51203000,
        "earningspersharebasic": 0.4400000000000001,
        "earningspersharediluted": 0.4300000000000001,
        "weightedaveragenumberofsharesoutstandingbasic": 115000,
        "weightedaveragenumberofdilutedsharesoutstanding": 215000,
        "othercomprehensiveincomelossgeneralhedgegainlossbeforereclassificationaftertax": -1797000,
        "othercomprehensiveincomeforeigncurrencytransactionandtranslationadjustmentnetoftaxportionattributabletoparent": 6457000,
        "othercomprehensiveincomelossreclassificationadjustmentfromaocipensionandotherpostretirementbenefitplansfornetgainlossnetoftax": -738000,
        "othercomprehensiveincomelosspensionandotherpostretirementbenefitplansnetunamortizedgainlossofforeigncurrencyarisingduringperiodnetoftax": -291000,
        "othercomprehensiveincomelossnetoftaxportionattributabletoparent": 5107000,
        "comprehensiveincomenetoftax": 56310000,
        "othercomprehensiveincomelossreclassificationadjustmentfromaocipensionandotherpostretirementbenefitplansfornetgainlosstax": -300000
    },
    {
        "date": "2021-03-30",
        "symbol": "PTC",
        "period": "Q2",
        "revenuefromcontractwithcustomerexcludingassessedtax": 198011000,
        "costofgoodsandservicessold": 14160000,
        "grossprofit": 372338000,
        "sellingandmarketingexpense": 129178000,
        "researchanddevelopmentexpense": 72545000,
        "generalandadministrativeexpense": 60805000,
        "amortizationofacquiredintangibleassetsexcludingpurchasedsoftware": 7650000,
        "restructuringcostsandassetimpairmentcharges": 469000,
        "operatingexpenses": 270647000,
        "operatingincomeloss": 101691000,
        "interestexpense": 12926000,
        "nonoperatingincomeexpense": -2408000,
        "incomelossfromcontinuingoperationsbeforeincometaxesextraordinaryitemsnoncontrollinginterest": 86357000,
        "incometaxexpensebenefit": -22905000,
        "netincomeloss": 109262000,
        "earningspersharebasic": 0.94,
        "earningspersharediluted": 0.9299999999999999,
        "weightedaveragenumberofsharesoutstandingbasic": 186000,
        "weightedaveragenumberofdilutedsharesoutstanding": 361000,
        "othercomprehensiveincomelossgeneralhedgegainlossbeforereclassificationaftertax": 7017000,
        "othercomprehensiveincomeforeigncurrencytransactionandtranslationadjustmentnetoftaxportionattributabletoparent": -15851000,
        "othercomprehensiveincomeavailableforsalesecuritiesadjustmentnetoftaxportionattributabletoparent": 0,
        "othercomprehensiveincomelossreclassificationadjustmentfromaocipensionandotherpostretirementbenefitplansfornetgainlossnetoftax": -744000,
        "othercomprehensiveincomelosspensionandotherpostretirementbenefitplansnetunamortizedgainlossofforeigncurrencyarisingduringperiodnetoftax": 1018000,
        "othercomprehensiveincomelossnetoftaxportionattributabletoparent": -7072000,
        "comprehensiveincomenetoftax": 102190000,
        "othercomprehensiveincomelossreclassificationadjustmentfromaocipensionandotherpostretirementbenefitplansfornetgainlosstax": -300000
    },
    {
        "date": "2020-12-30",
        "symbol": "PTC",
        "period": "Q1",
        "revenuefromcontractwithcustomerexcludingassessedtax": 177175000,
        "costofgoodsandservicessold": 13256000,
        "grossprofit": 342220000,
        "sellingandmarketingexpense": 124725000,
        "researchanddevelopmentexpense": 70835000,
        "generalandadministrativeexpense": 49528000,
        "amortizationofacquiredintangibleassetsexcludingpurchasedsoftware": 6547000,
        "restructuringcostsandassetimpairmentcharges": 247000,
        "operatingexpenses": 251882000,
        "operatingincomeloss": 90338000,
        "interestexpense": 11518000,
        "nonoperatingincomeexpense": -1413000,
        "incomelossfromcontinuingoperationsbeforeincometaxesextraordinaryitemsnoncontrollinginterest": 77407000,
        "incometaxexpensebenefit": 53892000,
        "netincomeloss": 23515000,
        "earningspersharebasic": 0.2,
        "earningspersharediluted": 0.2,
        "weightedaveragenumberofsharesoutstandingbasic": 116401000,
        "weightedaveragenumberofdilutedsharesoutstanding": 117605000,
        "othercomprehensiveincomelossgeneralhedgegainlossbeforereclassificationaftertax": -6779000,
        "othercomprehensiveincomeforeigncurrencytransactionandtranslationadjustmentnetoftaxportionattributabletoparent": 19975000,
        "othercomprehensiveincomeavailableforsalesecuritiesadjustmentnetoftaxportionattributabletoparent": -307000,
        "othercomprehensiveincomelossreclassificationadjustmentfromaocipensionandotherpostretirementbenefitplansfornetgainlossnetoftax": -732000,
        "othercomprehensiveincomelosspensionandotherpostretirementbenefitplansnetunamortizedgainlossofforeigncurrencyarisingduringperiodnetoftax": -1112000,
        "othercomprehensiveincomelossnetoftaxportionattributabletoparent": 12509000,
        "comprehensiveincomenetoftax": 36024000,
        "othercomprehensiveincomelossreclassificationadjustmentfromaocipensionandotherpostretirementbenefitplansfornetgainlosstax": -300000
    },
    {
        "date": "2020-09-29",
        "symbol": "PTC",
        "period": "Q4",
        "revenuefromcontractwithcustomerexcludingassessedtax": 268740000,
        "costofgoodsandservicessold": -224082000,
        "grossprofit": 400210000,
        "sellingandmarketingexpense": 130413000,
        "researchanddevelopmentexpense": 69884000,
        "generalandadministrativeexpense": 69403000,
        "amortizationofacquiredintangibleassetsexcludingpurchasedsoftware": -6332000,
        "restructuringcostsandassetimpairmentcharges": 378000,
        "operatingexpenses": 239354000,
        "operatingincomeloss": 67012000,
        "interestexpense": 12052000,
        "nonoperatingincomeexpense": 421000,
        "incomelossfromcontinuingoperationsbeforeincometaxesextraordinaryitemsnoncontrollinginterest": 55381000,
        "incometaxexpensebenefit": 1975000,
        "netincomeloss": 53406000,
        "earningspersharebasic": 0.4599999999999998,
        "earningspersharediluted": 0.45,
        "weightedaveragenumberofsharesoutstandingbasic": -230892000,
        "weightedaveragenumberofdilutedsharesoutstanding": -231670000,
        "othercomprehensiveincomeforeigncurrencytransactionandtranslationadjustmentnetoftaxportionattributabletoparent": 19399000,
        "othercomprehensiveincomeavailableforsalesecuritiesadjustmentnetoftaxportionattributabletoparent": -90000,
        "othercomprehensiveincomelossreclassificationadjustmentfromaocipensionandotherpostretirementbenefitplansfornetgainlossnetoftax": -956000,
        "othercomprehensiveincomedefinedbenefitplansnetunamortizedgainlossarisingduringperiodnetoftax": 3484000,
        "othercomprehensiveincomelossnetoftaxportionattributabletoparent": 6837000,
        "comprehensiveincomenetoftax": 60243000
    },
    {
        "date": "2020-06-26",
        "symbol": "PTC",
        "period": "Q3",
        "revenuefromcontractwithcustomerexcludingassessedtax": 118248000,
        "costofgoodsandservicessold": 13001000,
        "grossprofit": 272497000,
        "sellingandmarketingexpense": 104594000,
        "researchanddevelopmentexpense": 61429000,
        "generalandadministrativeexpense": 35709000,
        "amortizationofacquiredintangibleassetsexcludingpurchasedsoftware": 7302000,
        "restructuringcostsandassetimpairmentcharges": 62000,
        "operatingexpenses": 209096000,
        "operatingincomeloss": 63401000,
        "interestexpense": 19660000,
        "nonoperatingincomeexpense": 775000,
        "incomelossfromcontinuingoperationsbeforeincometaxesextraordinaryitemsnoncontrollinginterest": 44516000,
        "incometaxexpensebenefit": 9838000,
        "netincomeloss": 34678000,
        "earningspersharebasic": 0.3,
        "earningspersharediluted": 0.3,
        "weightedaveragenumberofsharesoutstandingbasic": 115759000,
        "weightedaveragenumberofdilutedsharesoutstanding": 116229000,
        "othercomprehensiveincomelossgeneralhedgegainlossbeforereclassificationaftertax": -1148000,
        "othercomprehensiveincomelossgeneralhedgegainlossafterreclassificationandtax": -1148000,
        "othercomprehensiveincomeforeigncurrencytransactionandtranslationadjustmentnetoftaxportionattributabletoparent": 3089000,
        "othercomprehensiveincomeavailableforsalesecuritiesadjustmentnetoftaxportionattributabletoparent": 822000,
        "othercomprehensiveincomelossreclassificationadjustmentfromaocipensionandotherpostretirementbenefitplansfornetgainlossnetoftax": -673000,
        "othercomprehensiveincomedefinedbenefitplansnetunamortizedgainlossarisingduringperiodnetoftax": -152000,
        "othercomprehensiveincomelossnetoftaxportionattributabletoparent": 3284000,
        "comprehensiveincomenetoftax": 37962000,
        "othercomprehensiveincomelossgeneralhedgegainlossbeforereclassificationtaxbenefitamount": -400000,
        "othercomprehensiveincomelossreclassificationadjustmentfromaocipensionandotherpostretirementbenefitplansfornetgainlosstax": 300000
    },
    {
        "date": "2020-03-27",
        "symbol": "PTC",
        "period": "Q2",
        "netincomeloss": 7156000,
        "othercomprehensiveincomeunrealizedgainlossonderivativesarisingduringperiodnetoftax": 701000,
        "othercomprehensiveincomelossderivativesqualifyingashedgesnetoftax": 701000,
        "othercomprehensiveincomeforeigncurrencytransactionandtranslationadjustmentnetoftaxportionattributabletoparent": -10559000,
        "othercomprehensiveincomeavailableforsalesecuritiesadjustmentnetoftaxportionattributabletoparent": -537000,
        "othercomprehensiveincomelossreclassificationadjustmentfromaocipensionandotherpostretirementbenefitplansfornetgainlossnetoftax": -680000,
        "othercomprehensiveincomedefinedbenefitplansnetunamortizedgainlossarisingduringperiodnetoftax": 81000,
        "othercomprehensiveincomelossnetoftaxportionattributabletoparent": -9634000,
        "comprehensiveincomenetoftax": -2478000,
        "othercomprehensiveincomeunrealizedgainlossonderivativesarisingduringperiodtax": 200000,
        "othercomprehensiveincomedefinedbenefitplansnetunamortizedgainlossarisingduringperiodtax": 300000,
        "revenuefromcontractwithcustomerexcludingassessedtax": 127607000,
        "costofgoodsandservicessold": 13873000,
        "grossprofit": 276576000,
        "sellingandmarketingexpense": 107438000,
        "researchanddevelopmentexpense": 59954000,
        "generalandadministrativeexpense": 33629000,
        "amortizationofacquiredintangibleassetsexcludingpurchasedsoftware": 7288000,
        "restructuringcostsandassetimpairmentcharges": 18242000,
        "operatingexpenses": 226551000,
        "operatingincomeloss": 50025000,
        "interestexpense": 32618000,
        "nonoperatingincomeexpense": -1629000,
        "incomelossfromcontinuingoperationsbeforeincometaxesextraordinaryitemsnoncontrollinginterest": 15778000,
        "incometaxexpensebenefit": 8622000,
        "earningspersharebasic": 0.06,
        "earningspersharediluted": 0.06,
        "weightedaveragenumberofsharesoutstandingbasic": 115606000,
        "weightedaveragenumberofdilutedsharesoutstanding": 116017000
    },
    {
        "date": "2019-12-27",
        "symbol": "PTC",
        "period": "Q1",
        "netincomeloss": 35455000,
        "othercomprehensiveincomeunrealizedgainlossonderivativesarisingduringperiodnetoftax": -3343000,
        "othercomprehensiveincomelossderivativesqualifyingashedgesnetoftax": -3343000,
        "othercomprehensiveincomeforeigncurrencytransactionandtranslationadjustmentnetoftaxportionattributabletoparent": 10147000,
        "othercomprehensiveincomeavailableforsalesecuritiesadjustmentnetoftaxportionattributabletoparent": -7000,
        "othercomprehensiveincomelossreclassificationadjustmentfromaocipensionandotherpostretirementbenefitplansfornetgainlossnetoftax": -674000,
        "othercomprehensiveincomedefinedbenefitplansnetunamortizedgainlossarisingduringperiodnetoftax": -622000,
        "othercomprehensiveincomelossnetoftaxportionattributabletoparent": 6849000,
        "comprehensiveincomenetoftax": 42304000,
        "othercomprehensiveincomeunrealizedgainlossonderivativesarisingduringperiodtax": 1100000,
        "othercomprehensiveincomedefinedbenefitplansnetunamortizedgainlossarisingduringperiodtax": 300000,
        "revenuefromcontractwithcustomerexcludingassessedtax": 123430000,
        "costofgoodsandservicessold": 13173000,
        "grossprofit": 268705000,
        "sellingandmarketingexpense": 107604000,
        "researchanddevelopmentexpense": 65308000,
        "generalandadministrativeexpense": 44557000,
        "amortizationofacquiredintangibleassetsexcludingpurchasedsoftware": 6777000,
        "restructuringcostsandassetimpairmentcharges": 14034000,
        "operatingexpenses": 238280000,
        "operatingincomeloss": 30425000,
        "interestexpense": 12098000,
        "nonoperatingincomeexpense": 704000,
        "incomelossfromcontinuingoperationsbeforeincometaxesextraordinaryitemsnoncontrollinginterest": 19031000,
        "incometaxexpensebenefit": -16424000,
        "earningspersharebasic": 0.31,
        "earningspersharediluted": 0.31,
        "weightedaveragenumberofsharesoutstandingbasic": 115190000,
        "weightedaveragenumberofdilutedsharesoutstanding": 115691000
    },
    {
        "date": "2019-09-29",
        "symbol": "PTC",
        "period": "Q4",
        "netincomeloss": 9826000,
        "othercomprehensiveincomeunrealizedgainlossonderivativesarisingduringperiodnetoftax": 7069000,
        "othercomprehensiveincomelossderivativesqualifyingashedgesnetoftax": 7069000,
        "othercomprehensiveincomeforeigncurrencytransactionandtranslationadjustmentnetoftaxportionattributabletoparent": -17546000,
        "othercomprehensiveincomeavailableforsalesecuritiesadjustmentnetoftaxportionattributabletoparent": 53000,
        "othercomprehensiveincomelossreclassificationadjustmentfromaocipensionandotherpostretirementbenefitplansfornetgainlossnetoftax": -414000,
        "othercomprehensiveincomedefinedbenefitplansnetunamortizedgainlossarisingduringperiodnetoftax": -9138000,
        "othercomprehensiveincomelossnetoftaxportionattributabletoparent": -17698000,
        "comprehensiveincomenetoftax": -7872000,
        "othercomprehensiveincomedefinedbenefitplansnetunamortizedgainlossarisingduringperiodtax": -4100000,
        "costofgoodsandservicessold": 13191000,
        "grossprofit": 249588000,
        "sellingandmarketingexpense": 101307000,
        "researchanddevelopmentexpense": 64114000,
        "generalandadministrativeexpense": 25911000,
        "amortizationofacquiredintangibleassetsexcludingpurchasedsoftware": 6055000,
        "operatingincomeloss": 46551000,
        "interestexpense": 10572000,
        "nonoperatingincomeexpense": -2196000,
        "incomelossfromcontinuingoperationsbeforeincometaxesextraordinaryitemsnoncontrollinginterest": 33783000,
        "incometaxexpensebenefit": 23957000,
        "earningspersharebasic": 0.09000000000000002,
        "earningspersharediluted": 0.09000000000000002,
        "weightedaveragenumberofsharesoutstandingbasic": 88000,
        "weightedaveragenumberofdilutedsharesoutstanding": 88000
    },
    {
        "date": "2019-06-28",
        "symbol": "PTC",
        "period": "Q3",
        "netincomeloss": -14758000,
        "othercomprehensiveincomeunrealizedgainlossonderivativesarisingduringperiodnetoftax": -2586000,
        "othercomprehensiveincomelossderivativesqualifyingashedgesnetoftax": -3029000,
        "othercomprehensiveincomeforeigncurrencytransactionandtranslationadjustmentnetoftaxportionattributabletoparent": 4393000,
        "othercomprehensiveincomeavailableforsalesecuritiesadjustmentnetoftaxportionattributabletoparent": 175000,
        "othercomprehensiveincomelossreclassificationadjustmentfromaocipensionandotherpostretirementbenefitplansfornetgainlossnetoftax": -419000,
        "othercomprehensiveincomedefinedbenefitplansnetunamortizedgainlossarisingduringperiodnetoftax": -231000,
        "othercomprehensiveincomelossnetoftaxportionattributabletoparent": 2112000,
        "comprehensiveincomenetoftax": -12646000,
        "othercomprehensiveincomedefinedbenefitplansnetunamortizedgainlossarisingduringperiodtax": 200000,
        "costofgoodsandservicessold": -29002000,
        "grossprofit": 179572000,
        "sellingandmarketingexpense": 99417000,
        "researchanddevelopmentexpense": 60590000,
        "generalandadministrativeexpense": 28773000,
        "amortizationofacquiredintangibleassetsexcludingpurchasedsoftware": 5920000,
        "restructuringcharges": 29464000,
        "operatingexpenses": 194691000,
        "operatingincomeloss": -15119000,
        "interestexpense": 10816000,
        "nonoperatingincomeexpense": 888000,
        "incomelossfromcontinuingoperationsbeforeincometaxesextraordinaryitemsnoncontrollinginterest": -25047000,
        "incometaxexpensebenefit": 19457000,
        "earningspersharebasic": -0.13,
        "earningspersharediluted": -0.13,
        "weightedaveragenumberofsharesoutstandingbasic": -756000,
        "weightedaveragenumberofdilutedsharesoutstanding": -756000
    },
    {
        "date": "2019-03-29",
        "symbol": "PTC",
        "period": "Q2",
        "netincomeloss": -43513000,
        "othercomprehensiveincomeunrealizedgainlossonderivativesarisingduringperiodnetoftax": 1466000,
        "othercomprehensiveincomelossreclassificationadjustmentfromaocionderivativesnetoftax": 0,
        "othercomprehensiveincomelossderivativesqualifyingashedgesnetoftax": 2955000,
        "othercomprehensiveincomeforeigncurrencytransactionandtranslationadjustmentnetoftaxportionattributabletoparent": -4033000,
        "othercomprehensiveincomeavailableforsalesecuritiesadjustmentnetoftaxportionattributabletoparent": 289000,
        "othercomprehensiveincomelossreclassificationadjustmentfromaocipensionandotherpostretirementbenefitplansfornetgainlossnetoftax": -428000,
        "othercomprehensiveincomedefinedbenefitplansnetunamortizedgainlossarisingduringperiodnetoftax": 345000,
        "othercomprehensiveincomelossnetoftaxportionattributabletoparent": -16000,
        "comprehensiveincomenetoftax": -43529000,
        "othercomprehensiveincomelossreclassificationadjustmentfromaocionderivativestax": 0,
        "othercomprehensiveincomedefinedbenefitplansnetunamortizedgainlossarisingduringperiodtax": 100000,
        "costofgoodsandservicessold": 34155000,
        "grossprofit": 237532000,
        "sellingandmarketingexpense": 109421000,
        "researchanddevelopmentexpense": 61402000,
        "generalandadministrativeexpense": 35371000,
        "amortizationofacquiredintangibleassetsexcludingpurchasedsoftware": 5930000,
        "restructuringcharges": -300000,
        "operatingexpenses": 239104000,
        "operatingincomeloss": -1572000,
        "interestexpense": 11383000,
        "nonoperatingincomeexpense": 1065000,
        "incomelossfromcontinuingoperationsbeforeincometaxesextraordinaryitemsnoncontrollinginterest": -11890000,
        "incometaxexpensebenefit": 140000,
        "earningspersharebasic": -0.37,
        "earningspersharediluted": -0.37,
        "weightedaveragenumberofsharesoutstandingbasic": 69000,
        "weightedaveragenumberofdilutedsharesoutstanding": -1246000
    },
    {
        "date": "2018-12-28",
        "symbol": "PTC",
        "period": "Q1",
        "netincomeloss": 20985000,
        "othercomprehensiveincomeunrealizedgainlossonderivativesarisingduringperiodnetoftax": -698000,
        "othercomprehensiveincomelossreclassificationadjustmentfromaocionderivativesnetoftax": 549000,
        "othercomprehensiveincomelossderivativesqualifyingashedgesnetoftax": -2293000,
        "othercomprehensiveincomeforeigncurrencytransactionandtranslationadjustmentnetoftaxportionattributabletoparent": -7569000,
        "othercomprehensiveincomeavailableforsalesecuritiesadjustmentnetoftaxportionattributabletoparent": 13000,
        "othercomprehensiveincomelossreclassificationadjustmentfromaocipensionandotherpostretirementbenefitplansfornetgainlossnetoftax": -430000,
        "othercomprehensiveincomedefinedbenefitplansnetunamortizedgainlossarisingduringperiodnetoftax": 281000,
        "othercomprehensiveincomelossnetoftaxportionattributabletoparent": -9523000,
        "comprehensiveincomenetoftax": 11462000,
        "othercomprehensiveincomelossreclassificationadjustmentfromaocionderivativestax": -100000,
        "othercomprehensiveincomedefinedbenefitplansnetunamortizedgainlossarisingduringperiodtax": 200000,
        "salesrevenuenet": 41446000,
        "costofgoodsandservicessold": 33592000,
        "grossprofit": 263561000,
        "sellingandmarketingexpense": 107304000,
        "researchanddevelopmentexpense": 60782000,
        "generalandadministrativeexpense": 37864000,
        "amortizationofacquiredintangibleassetsexcludingpurchasedsoftware": 5936000,
        "restructuringcharges": 16300000,
        "operatingexpenses": 230379000,
        "operatingincomeloss": 33182000,
        "interestexpense": 10276000,
        "nonoperatingincomeexpense": 548000,
        "incomelossfromcontinuingoperationsbeforeincometaxesextraordinaryitemsnoncontrollinginterest": 23454000,
        "incometaxexpensebenefit": 4206000,
        "earningspersharebasic": 0.18,
        "earningspersharediluted": 0.18,
        "weightedaveragenumberofsharesoutstandingbasic": 118323000,
        "weightedaveragenumberofdilutedsharesoutstanding": 119638000
    },
    {
        "date": "2018-09-29",
        "symbol": "PTC",
        "period": "Q4",
        "netincomeloss": 13191000,
        "othercomprehensiveincomeunrealizedgainlossonderivativesarisingduringperiodnetoftax": 566000,
        "othercomprehensiveincomelossreclassificationadjustmentfromaocionderivativesnetoftax": 1844000,
        "othercomprehensiveincomelossderivativesqualifyingashedgesnetoftax": -1349000,
        "othercomprehensiveincomeforeigncurrencytransactionandtranslationadjustmentnetoftaxportionattributabletoparent": -2908000,
        "othercomprehensiveincomeavailableforsalesecuritiesadjustmentnetoftaxportionattributabletoparent": 110000,
        "othercomprehensiveincomelossreclassificationadjustmentfromaocipensionandotherpostretirementbenefitplansfornetgainlossnetoftax": -486000,
        "othercomprehensiveincomedefinedbenefitplansnetunamortizedgainlossarisingduringperiodnetoftax": -3943000,
        "othercomprehensiveincomelossnetoftaxportionattributabletoparent": -7016000,
        "comprehensiveincomenetoftax": 6175000,
        "othercomprehensiveincomeunrealizedgainlossonderivativesarisingduringperiodtax": 100000,
        "othercomprehensiveincomedefinedbenefitplansnetunamortizedgainlossarisingduringperiodtax": 1000000,
        "subscriptionrevenue": 142376000,
        "maintenancerevenue": 117819000,
        "totalrecurringrevenue": 260195000,
        "perpetuallicenserevenue": 27030000,
        "subscriptionsupportandlicenserevenue": 287225000,
        "technologyservicesrevenue": 25296000,
        "salesrevenuenet": -315411000,
        "licenseandsubscriptioncost": 22603000,
        "maintenancecosts": 21122000,
        "subscriptionsupportandlicensecost": 43725000,
        "technologyservicescosts": 34324000,
        "costofrevenue": 94400000,
        "grossprofit": 192825000,
        "sellingandmarketingexpense": 99072000,
        "researchanddevelopmentexpense": 62393000,
        "generalandadministrativeexpense": 27823000,
        "amortizationofacquiredintangibleassetsexcludingpurchasedsoftware": 14461000,
        "operatingincomeloss": 11697000,
        "interestexpense": 10601000,
        "incomelossfromcontinuingoperationsbeforeincometaxesextraordinaryitemsnoncontrollinginterest": 669000,
        "incometaxexpensebenefit": -12522000,
        "earningspersharebasic": 0.12,
        "earningspersharediluted": 0.10999999999999999,
        "weightedaveragenumberofsharesoutstandingbasic": 475000,
        "weightedaveragenumberofdilutedsharesoutstanding": 471000
    },
    {
        "date": "2018-06-29",
        "symbol": "PTC",
        "period": "Q3",
        "netincomeloss": 16997000,
        "othercomprehensiveincomeunrealizedgainlossonderivativesarisingduringperiodnetoftax": 4338000,
        "othercomprehensiveincomelossreclassificationadjustmentfromaocionderivativesnetoftax": -243000,
        "othercomprehensiveincomelossderivativesqualifyingashedgesnetoftax": 4152000,
        "othercomprehensiveincomeforeigncurrencytransactionandtranslationadjustmentnetoftaxportionattributabletoparent": -21628000,
        "othercomprehensiveincomeavailableforsalesecuritiesadjustmentnetoftaxportionattributabletoparent": 67000,
        "othercomprehensiveincomelossreclassificationadjustmentfromaocipensionandotherpostretirementbenefitplansfornetgainlossnetoftax": -386000,
        "othercomprehensiveincomedefinedbenefitplansnetunamortizedgainlossarisingduringperiodnetoftax": 884000,
        "othercomprehensiveincomelossnetoftaxportionattributabletoparent": -16139000,
        "comprehensiveincomenetoftax": 858000,
        "othercomprehensiveincomeunrealizedgainlossonderivativesarisingduringperiodtax": -300000,
        "othercomprehensiveincomelossreclassificationadjustmentfromaocionderivativestax": 0,
        "othercomprehensiveincomedefinedbenefitplansnetunamortizedgainlossarisingduringperiodtax": 100000,
        "subscriptionrevenue": 126712000,
        "maintenancerevenue": 121127000,
        "totalrecurringrevenue": 247839000,
        "perpetuallicenserevenue": 25780000,
        "subscriptionsupportandlicenserevenue": 273619000,
        "technologyservicesrevenue": 41157000,
        "salesrevenuenet": 232165000,
        "licenseandsubscriptioncost": 24010000,
        "maintenancecosts": 22223000,
        "subscriptionsupportandlicensecost": 46233000,
        "technologyservicescosts": 35323000,
        "costofrevenue": 113153000,
        "grossprofit": 119012000,
        "sellingandmarketingexpense": 97952000,
        "researchanddevelopmentexpense": 61218000,
        "generalandadministrativeexpense": 17886000,
        "amortizationofacquiredintangibleassetsexcludingpurchasedsoftware": 21323000,
        "restructuringcharges": -1445000,
        "operatingexpenses": 211518000,
        "operatingincomeloss": 21702000,
        "interestexpense": 10646000,
        "nonoperatingincomeexpense": -1086000,
        "incomelossfromcontinuingoperationsbeforeincometaxesextraordinaryitemsnoncontrollinginterest": 9970000,
        "incometaxexpensebenefit": -7027000,
        "earningspersharebasic": 0.14,
        "earningspersharediluted": 0.14,
        "weightedaveragenumberofsharesoutstandingbasic": -116057000,
        "weightedaveragenumberofdilutedsharesoutstanding": -117874000
    },
    {
        "date": "2018-03-30",
        "symbol": "PTC",
        "period": "Q2",
        "netincomeloss": 7922000,
        "othercomprehensiveincomeunrealizedgainlossonderivativesarisingduringperiodnetoftax": -2339000,
        "othercomprehensiveincomelossreclassificationadjustmentfromaocionderivativesnetoftax": -1511000,
        "othercomprehensiveincomelossderivativesqualifyingashedgesnetoftax": -535000,
        "othercomprehensiveincomeforeigncurrencytransactionandtranslationadjustmentnetoftaxportionattributabletoparent": 7540000,
        "othercomprehensiveincomeavailableforsalesecuritiesadjustmentnetoftaxportionattributabletoparent": -267000,
        "othercomprehensiveincomelossreclassificationadjustmentfromaocipensionandotherpostretirementbenefitplansfornetgainlossnetoftax": -386000,
        "othercomprehensiveincomedefinedbenefitplansnetunamortizedgainlossarisingduringperiodnetoftax": -465000,
        "othercomprehensiveincomelossnetoftaxportionattributabletoparent": 6659000,
        "comprehensiveincomenetoftax": 14581000,
        "othercomprehensiveincomeunrealizedgainlossonderivativesarisingduringperiodtax": 300000,
        "othercomprehensiveincomelossreclassificationadjustmentfromaocionderivativestax": -200000,
        "othercomprehensiveincomedefinedbenefitplansnetunamortizedgainlossarisingduringperiodtax": 200000,
        "subscriptionrevenue": 112931000,
        "maintenancerevenue": 126683000,
        "totalrecurringrevenue": 239614000,
        "perpetuallicenserevenue": 22839000,
        "subscriptionsupportandlicenserevenue": 262453000,
        "technologyservicesrevenue": 45430000,
        "salesrevenuenet": 262453000,
        "licenseandsubscriptioncost": 23119000,
        "maintenancecosts": 23030000,
        "subscriptionsupportandlicensecost": 46149000,
        "technologyservicescosts": 37482000,
        "costofrevenue": 97306000,
        "grossprofit": 165147000,
        "sellingandmarketingexpense": 93292000,
        "researchanddevelopmentexpense": 62194000,
        "generalandadministrativeexpense": 27382000,
        "amortizationofacquiredintangibleassetsexcludingpurchasedsoftware": 14451000,
        "restructuringcharges": 114000,
        "operatingexpenses": 201886000,
        "operatingincomeloss": 22366000,
        "interestexpense": 10379000,
        "nonoperatingincomeexpense": -441000,
        "incomelossfromcontinuingoperationsbeforeincometaxesextraordinaryitemsnoncontrollinginterest": 11546000,
        "incometaxexpensebenefit": 3624000,
        "earningspersharebasic": 0.07,
        "earningspersharediluted": 0.07,
        "weightedaveragenumberofsharesoutstandingbasic": 116241000,
        "weightedaveragenumberofdilutedsharesoutstanding": 117905000
    },
    {
        "date": "2017-12-29",
        "symbol": "PTC",
        "period": "Q1",
        "netincomeloss": 13877000,
        "othercomprehensiveincomeunrealizedgainlossonderivativesarisingduringperiodnetoftax": -913000,
        "othercomprehensiveincomelossreclassificationadjustmentfromaocionderivativesnetoftax": -573000,
        "othercomprehensiveincomelossderivativesqualifyingashedgesnetoftax": -340000,
        "othercomprehensiveincomeforeigncurrencytransactionandtranslationadjustmentnetoftaxportionattributabletoparent": 5229000,
        "othercomprehensiveincomeavailableforsalesecuritiesadjustmentnetoftaxportionattributabletoparent": -179000,
        "othercomprehensiveincomelossreclassificationadjustmentfromaocipensionandotherpostretirementbenefitplansfornetgainlossnetoftax": -371000,
        "othercomprehensiveincomedefinedbenefitplansnetunamortizedgainlossarisingduringperiodnetoftax": -263000,
        "othercomprehensiveincomelossnetoftaxportionattributabletoparent": 4818000,
        "comprehensiveincomenetoftax": 18695000,
        "othercomprehensiveincomeunrealizedgainlossonderivativesarisingduringperiodtax": 100000,
        "othercomprehensiveincomelossreclassificationadjustmentfromaocionderivativestax": -100000,
        "othercomprehensiveincomedefinedbenefitplansnetunamortizedgainlossarisingduringperiodtax": 200000,
        "subscriptionrevenue": 100008000,
        "maintenancerevenue": 131197000,
        "totalrecurringrevenue": 231205000,
        "perpetuallicenserevenue": 33985000,
        "subscriptionsupportandlicenserevenue": 265190000,
        "technologyservicesrevenue": 41454000,
        "salesrevenuenet": 306644000,
        "licenseandsubscriptioncost": 24376000,
        "maintenancecosts": 22200000,
        "subscriptionsupportandlicensecost": 46576000,
        "technologyservicescosts": 36382000,
        "costofrevenue": 82958000,
        "grossprofit": 223686000,
        "sellingandmarketingexpense": 99315000,
        "researchanddevelopmentexpense": 63969000,
        "generalandadministrativeexpense": 35004000,
        "amortizationofacquiredintangibleassetsexcludingpurchasedsoftware": 7821000,
        "restructuringcharges": 317000,
        "operatingexpenses": 206214000,
        "operatingincomeloss": 17472000,
        "interestexpense": 10047000,
        "nonoperatingincomeexpense": -954000,
        "incomelossfromcontinuingoperationsbeforeincometaxesextraordinaryitemsnoncontrollinginterest": 6471000,
        "incometaxexpensebenefit": -7406000,
        "earningspersharebasic": 0.12,
        "earningspersharediluted": 0.12,
        "weightedaveragenumberofsharesoutstandingbasic": 115731000,
        "weightedaveragenumberofdilutedsharesoutstanding": 117656000
    },
    {
        "date": "2017-09-29",
        "symbol": "PTC",
        "period": "Q4",
        "netincomeloss": 17435000,
        "othercomprehensiveincomeunrealizedgainlossonderivativesarisingduringperiodnetoftax": -687000,
        "othercomprehensiveincomelossreclassificationadjustmentfromaocionderivativesnetoftax": -1236000,
        "othercomprehensiveincomelossderivativesqualifyingashedgesnetoftax": 254000,
        "othercomprehensiveincomeforeigncurrencytransactionandtranslationadjustmentnetoftaxportionattributabletoparent": 12700000,
        "othercomprehensiveincomeavailableforsalesecuritiesadjustmentnetoftaxportionattributabletoparent": 28000,
        "othercomprehensiveincomelossreclassificationadjustmentfromaocipensionandotherpostretirementbenefitplansfornetgainlossnetoftax": -705000,
        "othercomprehensiveincomedefinedbenefitplansnetunamortizedgainlossarisingduringperiodnetoftax": 8979000,
        "othercomprehensiveincomelossnetoftaxportionattributabletoparent": 21412000,
        "comprehensiveincomenetoftax": 38847000,
        "othercomprehensiveincomeunrealizedgainlossonderivativesarisingduringperiodtax": -700000,
        "othercomprehensiveincomedefinedbenefitplansnetunamortizedgainlossarisingduringperiodtax": 3000000,
        "maintenancerevenue": 141056000,
        "perpetuallicenserevenue": 39291000,
        "technologyservicesrevenue": 41787000,
        "salesrevenuenet": -21879000,
        "technologyservicescosts": 35918000,
        "costofrevenue": 309716000,
        "grossprofit": 397261000,
        "sellingandmarketingexpense": 101378000,
        "researchanddevelopmentexpense": 60585000,
        "generalandadministrativeexpense": 36278000,
        "amortizationofacquiredintangibleassetsexcludingpurchasedsoftware": 8122000,
        "restructuringcharges": 2214000,
        "operatingincomeloss": 17568000,
        "incomelossfromcontinuingoperationsbeforeincometaxesextraordinaryitemsnoncontrollinginterest": 5454000,
        "incometaxexpensebenefit": -11981000,
        "earningspersharebasic": 0.15000000000000002,
        "earningspersharediluted": 0.15000000000000002,
        "weightedaveragenumberofsharesoutstandingbasic": -231091000,
        "weightedaveragenumberofdilutedsharesoutstanding": -229258000
    },
    {
        "date": "2017-06-30",
        "symbol": "PTC",
        "period": "Q3",
        "netincomeloss": -951000,
        "othercomprehensiveincomeunrealizedgainlossonderivativesarisingduringperiodnetoftax": -2627000,
        "othercomprehensiveincomelossreclassificationadjustmentfromaocionderivativesnetoftax": -75000,
        "othercomprehensiveincomelossderivativesqualifyingashedgesnetoftax": -2223000,
        "othercomprehensiveincomeforeigncurrencytransactionandtranslationadjustmentnetoftaxportionattributabletoparent": 17553000,
        "othercomprehensiveincomeavailableforsalesecuritiesadjustmentnetoftaxportionattributabletoparent": 21000,
        "othercomprehensiveincomelossreclassificationadjustmentfromaocipensionandotherpostretirementbenefitplansfornetgainlossnetoftax": -597000,
        "othercomprehensiveincomedefinedbenefitplansnetunamortizedgainlossarisingduringperiodnetoftax": -1721000,
        "othercomprehensiveincomelossnetoftaxportionattributabletoparent": 14227000,
        "comprehensiveincomenetoftax": 13276000,
        "othercomprehensiveincomeunrealizedgainlossonderivativesarisingduringperiodtax": 300000,
        "othercomprehensiveincomedefinedbenefitplansnetunamortizedgainlossarisingduringperiodtax": 200000,
        "subscriptionrevenue": 74859000,
        "maintenancerevenue": 140428000,
        "totalrecurringrevenue": 215287000,
        "perpetuallicenserevenue": 32348000,
        "subscriptionsupportandlicenserevenue": 247635000,
        "technologyservicesrevenue": 43658000,
        "salesrevenuenet": 222431000,
        "licenseandsubscriptioncost": 21648000,
        "maintenancecosts": 23635000,
        "subscriptionsupportandlicensecost": 45283000,
        "technologyservicescosts": 36985000,
        "costofrevenue": 47362000,
        "grossprofit": 175069000,
        "sellingandmarketingexpense": 93101000,
        "researchanddevelopmentexpense": 59850000,
        "generalandadministrativeexpense": 35294000,
        "amortizationofacquiredintangibleassetsexcludingpurchasedsoftware": 7973000,
        "restructuringcharges": 1600000,
        "operatingexpenses": 197769000,
        "operatingincomeloss": 11256000,
        "interestexpense": 10200000,
        "nonoperatingincomeexpense": -357000,
        "incomelossfromcontinuingoperationsbeforeincometaxesextraordinaryitemsnoncontrollinginterest": 699000,
        "incometaxexpensebenefit": 1650000,
        "earningspersharebasic": -0.01,
        "earningspersharediluted": -0.01,
        "weightedaveragenumberofsharesoutstandingbasic": 115615000,
        "weightedaveragenumberofdilutedsharesoutstanding": 115615000
    },
    {
        "date": "2017-03-31",
        "symbol": "PTC",
        "period": "Q2",
        "netincomeloss": -1104000,
        "othercomprehensiveincomeunrealizedgainlossonderivativesarisingduringperiodnetoftax": -589000,
        "othercomprehensiveincomelossreclassificationadjustmentfromaocionderivativesnetoftax": 496000,
        "othercomprehensiveincomelossderivativesqualifyingashedgesnetoftax": -1011000,
        "othercomprehensiveincomeforeigncurrencytransactionandtranslationadjustmentnetoftaxportionattributabletoparent": 4992000,
        "othercomprehensiveincomeavailableforsalesecuritiesadjustmentnetoftaxportionattributabletoparent": 68000,
        "othercomprehensiveincomelossreclassificationadjustmentfromaocipensionandotherpostretirementbenefitplansfornetgainlossnetoftax": -574000,
        "othercomprehensiveincomedefinedbenefitplansnetunamortizedgainlossarisingduringperiodnetoftax": -312000,
        "othercomprehensiveincomelossnetoftaxportionattributabletoparent": 4311000,
        "comprehensiveincomenetoftax": 3207000,
        "othercomprehensiveincomeunrealizedgainlossonderivativesarisingduringperiodtax": 100000,
        "othercomprehensiveincomelossreclassificationadjustmentfromaocionderivativestax": -100000,
        "othercomprehensiveincomedefinedbenefitplansnetunamortizedgainlossarisingduringperiodtax": 200000,
        "subscriptionrevenue": 65780000,
        "maintenancerevenue": 141718000,
        "totalrecurringrevenue": 207498000,
        "perpetuallicenserevenue": 27372000,
        "subscriptionsupportandlicenserevenue": 234870000,
        "technologyservicesrevenue": 45170000,
        "salesrevenuenet": 213148000,
        "subscriptionsupportandlicensecost": 43131000,
        "technologyservicescosts": 38699000,
        "costofrevenue": 45258000,
        "grossprofit": 167890000,
        "sellingandmarketingexpense": 87777000,
        "researchanddevelopmentexpense": 57710000,
        "generalandadministrativeexpense": 36800000,
        "amortizationofacquiredintangibleassetsexcludingpurchasedsoftware": 7946000,
        "restructuringcharges": 400000,
        "operatingexpenses": 190697000,
        "operatingincomeloss": 7513000,
        "interestexpense": 11725000,
        "nonoperatingincomeexpense": 3156000,
        "incomelossfromcontinuingoperationsbeforeincometaxesextraordinaryitemsnoncontrollinginterest": -1056000,
        "incometaxexpensebenefit": 48000,
        "earningspersharebasic": -0.01,
        "earningspersharediluted": -0.01,
        "weightedaveragenumberofsharesoutstandingbasic": 115709000,
        "weightedaveragenumberofdilutedsharesoutstanding": 115709000
    },
    {
        "date": "2016-12-30",
        "symbol": "PTC",
        "period": "Q1",
        "netincomeloss": -9141000,
        "othercomprehensiveincomeunrealizedgainlossonderivativesarisingduringperiodnetoftax": 3037000,
        "othercomprehensiveincomelossreclassificationadjustmentfromaocionderivativesnetoftax": 356000,
        "othercomprehensiveincomelossderivativesqualifyingashedgesnetoftax": 2681000,
        "othercomprehensiveincomeforeigncurrencytransactionandtranslationadjustmentnetoftaxportionattributabletoparent": -18652000,
        "othercomprehensiveincomeavailableforsalesecuritiesadjustmentnetoftaxportionattributabletoparent": -139000,
        "othercomprehensiveincomelossreclassificationadjustmentfromaocipensionandotherpostretirementbenefitplansfornetgainlossnetoftax": -516000,
        "othercomprehensiveincomedefinedbenefitplansnetunamortizedgainlossarisingduringperiodnetoftax": 1690000,
        "othercomprehensiveincomelossnetoftaxportionattributabletoparent": -13904000,
        "comprehensiveincomenetoftax": -23045000,
        "othercomprehensiveincomeunrealizedgainlossonderivativesarisingduringperiodtax": 400000,
        "othercomprehensiveincomelossreclassificationadjustmentfromaocionderivativestax": -100000,
        "othercomprehensiveincomedefinedbenefitplansnetunamortizedgainlossarisingduringperiodtax": 200000,
        "subscriptionlicenserevenue": 54362000,
        "maintenancerevenue": 151478000,
        "totalrecurringsoftwarerevenue": 205840000,
        "perpetuallicenserevenue": 34379000,
        "licenseandmaintenancerevenue": 240219000,
        "technologyservicesrevenue": 46108000,
        "salesrevenuenet": 21483000,
        "licensecosts": 42947000,
        "technologyservicescosts": 39168000,
        "costofrevenue": 23450000,
        "grossprofit": -1967000,
        "sellingandmarketingexpense": 90690000,
        "researchanddevelopmentexpense": 57914000,
        "generalandadministrativeexpense": 36695000,
        "amortizationofacquiredintangibleassetsexcludingpurchasedsoftware": 8067000,
        "restructuringcharges": 3886000,
        "operatingexpenses": 199651000,
        "operatingincomeloss": 4561000,
        "nonoperatingincomeexpense": -11064000,
        "incomelossfromcontinuingoperationsbeforeincometaxesextraordinaryitemsnoncontrollinginterest": -6503000,
        "incometaxexpensebenefit": 2638000,
        "earningspersharebasic": -0.08,
        "earningspersharediluted": -0.08,
        "weightedaveragenumberofsharesoutstandingbasic": 115290000,
        "weightedaveragenumberofdilutedsharesoutstanding": 115290000
    },
    {
        "date": "2016-09-29",
        "symbol": "PTC",
        "period": "Q4",
        "netincomeloss": -28473000,
        "othercomprehensiveincomeunrealizedgainlossonderivativesarisingduringperiodnetoftax": -226000,
        "othercomprehensiveincomelossderivativesqualifyingashedgesnetoftax": 1662000,
        "othercomprehensiveincomeforeigncurrencytransactionandtranslationadjustmentnetoftaxportionattributabletoparent": 1626000,
        "othercomprehensiveincomelossreclassificationadjustmentfromaocipensionandotherpostretirementbenefitplansfornetgainlossnetoftax": -390000,
        "othercomprehensiveincomedefinedbenefitplansnetunamortizedgainlossarisingduringperiodnetoftax": -8728000,
        "othercomprehensiveincomelossnetoftaxportionattributabletoparent": -5395000,
        "comprehensiveincomenetoftax": -33868000,
        "subscriptionlicenserevenue": 40665000,
        "maintenancerevenue": 157545000,
        "totalrecurringsoftwarerevenue": 198210000,
        "perpetuallicenserevenue": 41367000,
        "licenseandmaintenancerevenue": 239577000,
        "technologyservicesrevenue": 48660000,
        "salesrevenuenet": -32008000,
        "licensecosts": 41148000,
        "technologyservicescosts": 41709000,
        "costofrevenue": -98846000,
        "grossprofit": -413105000,
        "sellingandmarketingexpense": 102985000,
        "researchanddevelopmentexpense": 57934000,
        "generalandadministrativeexpense": 37647000,
        "amortizationofacquiredintangibleassetsexcludingpurchasedsoftware": 8158000,
        "restructuringcharges": 62649000,
        "operatingincomeloss": -271663000,
        "incomelossfromcontinuingoperationsbeforeincometaxesextraordinaryitemsnoncontrollinginterest": -43374000,
        "incometaxexpensebenefit": -14901000,
        "earningspersharebasic": -0.25,
        "earningspersharediluted": -0.25,
        "weightedaveragenumberofsharesoutstandingbasic": -228897000,
        "weightedaveragenumberofdilutedsharesoutstanding": -229800000
    },
    {
        "date": "2016-07-01",
        "symbol": "PTC",
        "period": "Q3",
        "netincomeloss": 3073000,
        "othercomprehensiveincomeunrealizedgainlossonderivativesarisingduringperiodnetoftax": 361000,
        "foreigncurrencycashflowhedgegainlossreclassifiedtoearningsnet": -1560000,
        "othercomprehensiveincomelossderivativesqualifyingashedgesnetoftax": 1921000,
        "othercomprehensiveincomeforeigncurrencytransactionandtranslationadjustmentnetoftaxportionattributabletoparent": -5961000,
        "othercomprehensiveincomeavailableforsalesecuritiesadjustmentnetoftaxportionattributabletoparent": 7000,
        "othercomprehensiveincomelossreclassificationadjustmentfromaocipensionandotherpostretirementbenefitplansfornetgainlossnetoftax": -417000,
        "othercomprehensiveincomedefinedbenefitplansnetunamortizedgainlossarisingduringperiodnetoftax": 413000,
        "othercomprehensiveincomelossnetoftaxportionattributabletoparent": -3203000,
        "comprehensiveincomenetoftax": -130000,
        "othercomprehensiveincomedefinedbenefitplanstaxportionattributabletoparent": 200000,
        "subscriptionlicenserevenue": 31822000,
        "maintenancerevenue": 161881000,
        "totalrecurringsoftwarerevenue": 193703000,
        "perpetuallicenserevenue": 44648000,
        "licenseandmaintenancerevenue": 238351000,
        "technologyservicesrevenue": 50301000,
        "salesrevenuenet": 20678000,
        "licensecosts": 38864000,
        "technologyservicescosts": 43606000,
        "costofrevenue": 22255000,
        "grossprofit": -1577000,
        "sellingandmarketingexpense": 94874000,
        "researchanddevelopmentexpense": 57118000,
        "generalandadministrativeexpense": 35485000,
        "amortizationofacquiredintangibleassetsexcludingpurchasedsoftware": 8294000,
        "restructuringcharges": 551000,
        "operatingexpenses": 198586000,
        "operatingincomeloss": 7596000,
        "nonoperatingincomeexpense": -8300000,
        "incomelossfromcontinuingoperationsbeforeincometaxesextraordinaryitemsnoncontrollinginterest": -704000,
        "incometaxexpensebenefit": -3777000,
        "earningspersharebasic": 0.03,
        "earningspersharediluted": 0.03,
        "weightedaveragenumberofsharesoutstandingbasic": 114795000,
        "weightedaveragenumberofdilutedsharesoutstanding": 115698000
    },
    {
        "date": "2016-04-01",
        "symbol": "PTC",
        "period": "Q2",
        "netincomeloss": -5173000,
        "othercomprehensiveincomeunrealizedgainlossonderivativesarisingduringperiodnetoftax": -5637000,
        "foreigncurrencycashflowhedgegainlossreclassifiedtoearningsnet": -13000,
        "othercomprehensiveincomelossderivativesqualifyingashedgesnetoftax": -5624000,
        "othercomprehensiveincomeforeigncurrencytransactionandtranslationadjustmentnetoftaxportionattributabletoparent": 15247000,
        "othercomprehensiveincomelossreclassificationadjustmentfromaocipensionandotherpostretirementbenefitplansfornetgainlossnetoftax": -400000,
        "othercomprehensiveincomedefinedbenefitplansnetunamortizedgainlossarisingduringperiodnetoftax": -881000,
        "othercomprehensiveincomelossnetoftaxportionattributabletoparent": 9142000,
        "comprehensiveincomenetoftax": 3969000,
        "othercomprehensiveincomedefinedbenefitplanstaxportionattributabletoparent": 200000,
        "subscriptionlicenserevenue": 23659000,
        "maintenancerevenue": 160625000,
        "totalrecurringsoftwarerevenue": 184284000,
        "perpetuallicenserevenue": 39689000,
        "licenseandmaintenancerevenue": 223973000,
        "technologyservicesrevenue": 48654000,
        "salesrevenuenet": 210061000,
        "licensecosts": 38613000,
        "technologyservicescosts": 41578000,
        "costofrevenue": 80191000,
        "grossprofit": 192436000,
        "sellingandmarketingexpense": 87177000,
        "researchanddevelopmentexpense": 56610000,
        "generalandadministrativeexpense": 33916000,
        "amortizationofacquiredintangibleassetsexcludingpurchasedsoftware": 8396000,
        "restructuringcharges": 700000,
        "operatingexpenses": 190678000,
        "operatingincomeloss": 109165000,
        "nonoperatingincomeexpense": -5327000,
        "incomelossfromcontinuingoperationsbeforeincometaxesextraordinaryitemsnoncontrollinginterest": -3569000,
        "incometaxexpensebenefit": 1604000,
        "earningspersharebasic": -0.05,
        "earningspersharediluted": -0.05,
        "weightedaveragenumberofsharesoutstandingbasic": 114563000,
        "weightedaveragenumberofdilutedsharesoutstanding": 114563000
    },
    {
        "date": "2016-01-01",
        "symbol": "PTC",
        "period": "Q1",
        "netincomeloss": -23892000,
        "othercomprehensiveincomeunrealizedgainlossonderivativesarisingduringperiodnetoftax": 1643000,
        "foreigncurrencycashflowhedgegainlossreclassifiedtoearningsnet": 846000,
        "othercomprehensiveincomelossderivativesqualifyingashedgesnetoftax": 797000,
        "othercomprehensiveincomeforeigncurrencytransactionandtranslationadjustmentnetoftaxportionattributabletoparent": -10504000,
        "othercomprehensiveincomelossreclassificationadjustmentfromaocipensionandotherpostretirementbenefitplansfornetgainlossnetoftax": -402000,
        "othercomprehensiveincomedefinedbenefitplansnetunamortizedgainlossarisingduringperiodnetoftax": 550000,
        "othercomprehensiveincomelossnetoftaxportionattributabletoparent": -8755000,
        "comprehensiveincomenetoftax": -32647000,
        "othercomprehensiveincomedefinedbenefitplanstaxportionattributabletoparent": 200000,
        "subscriptionlicenserevenue": 22176000,
        "maintenancerevenue": 171756000,
        "totalrecurringsoftwarerevenue": 193932000,
        "perpetuallicenserevenue": 47763000,
        "licenseandmaintenancerevenue": 241695000,
        "technologyservicesrevenue": 49322000,
        "salesrevenuenet": 225537000,
        "licensecosts": 36814000,
        "technologyservicescosts": 43333000,
        "costofrevenue": 80147000,
        "grossprofit": 210870000,
        "sellingandmarketingexpense": 82429000,
        "researchanddevelopmentexpense": 57669000,
        "generalandadministrativeexpense": 38567000,
        "amortizationofacquiredintangibleassetsexcludingpurchasedsoftware": 8350000,
        "restructuringcharges": 13000000,
        "operatingexpenses": 224162000,
        "operatingincomeloss": 117888000,
        "nonoperatingincomeexpense": -6253000,
        "incomelossfromcontinuingoperationsbeforeincometaxesextraordinaryitemsnoncontrollinginterest": -19545000,
        "incometaxexpensebenefit": 4347000,
        "earningspersharebasic": -0.21,
        "earningspersharediluted": -0.21,
        "weightedaveragenumberofsharesoutstandingbasic": 114151000,
        "weightedaveragenumberofdilutedsharesoutstanding": 114151000
    },
    {
        "date": "2015-09-29",
        "symbol": "PTC",
        "period": "Q4",
        "netincomeloss": -5554000,
        "othercomprehensiveincomeforeigncurrencytransactionandtranslationadjustmentnetoftaxportionattributabletoparent": -5482000,
        "othercomprehensiveincomelossreclassificationadjustmentfromaocipensionandotherpostretirementbenefitplansfornetgainlossnetoftax": -49168000,
        "othercomprehensiveincomedefinedbenefitplansnetunamortizedgainlossarisingduringperiodnetoftax": -7711000,
        "othercomprehensiveincomelossnetoftaxportionattributabletoparent": 38325000,
        "comprehensiveincomenetoftax": 32771000,
        "licensesrevenue": 99150000,
        "maintenancerevenue": 165481000,
        "salesrevenueservicesnet": 47937000,
        "salesrevenuenet": -255508000,
        "licensecosts": 13814000,
        "maintenancecosts": 19653000,
        "costofservices": 42895000,
        "costofrevenue": 76362000,
        "grossprofit": 236206000,
        "sellingandmarketingexpense": 82692000,
        "researchanddevelopmentexpense": 52180000,
        "generalandadministrativeexpense": 47390000,
        "amortizationofacquiredintangibleassetsexcludingpurchasedsoftware": 8438000,
        "restructuringcharges": -3900000,
        "operatingincomeloss": 163204000,
        "incomelossfromcontinuingoperationsbeforeincometaxesextraordinaryitemsnoncontrollinginterest": -26208000,
        "incometaxexpensebenefit": -20654000,
        "earningspersharebasic": -0.04999999999999999,
        "earningspersharediluted": -0.04999999999999999,
        "weightedaveragenumberofsharesoutstandingbasic": -230274000,
        "weightedaveragenumberofdilutedsharesoutstanding": -232962000
    },
    {
        "date": "2015-07-03",
        "symbol": "PTC",
        "period": "Q3",
        "netincomeloss": 17435000,
        "othercomprehensiveincomeforeigncurrencytransactionandtranslationadjustmentnetoftaxportionattributabletoparent": 1201000,
        "othercomprehensiveincomelossreclassificationadjustmentfromaocipensionandotherpostretirementbenefitplansfornetgainlossnetoftax": -1003000,
        "othercomprehensiveincomedefinedbenefitplansnetunamortizedgainlossarisingduringperiodnetoftax": -190000,
        "othercomprehensiveincomelossnetoftaxportionattributabletoparent": 2014000,
        "comprehensiveincomenetoftax": 19449000,
        "othercomprehensiveincomedefinedbenefitplanstaxportionattributabletoparent": 100000,
        "licensesrevenue": 83926000,
        "maintenancerevenue": 165687000,
        "licenseandmaintenancerevenue": 249613000,
        "salesrevenueservicesnet": 53500000,
        "salesrevenuenet": 235371000,
        "licensecosts": 12830000,
        "maintenancecosts": 20452000,
        "costofgoodssold": 33282000,
        "costofservices": 46094000,
        "costofrevenue": 79376000,
        "grossprofit": 223737000,
        "sellingandmarketingexpense": 86454000,
        "researchanddevelopmentexpense": 54078000,
        "generalandadministrativeexpense": 48100000,
        "amortizationofacquiredintangibleassetsexcludingpurchasedsoftware": 9105000,
        "restructuringcharges": 2300000,
        "operatingexpenses": 202130000,
        "operatingincomeloss": 145016000,
        "nonoperatingincomeexpense": -3668000,
        "incomelossfromcontinuingoperationsbeforeincometaxesextraordinaryitemsnoncontrollinginterest": 17939000,
        "incometaxexpensebenefit": 504000,
        "earningspersharebasic": 0.15,
        "earningspersharediluted": 0.15,
        "weightedaveragenumberofsharesoutstandingbasic": 114764000,
        "weightedaveragenumberofdilutedsharesoutstanding": 116025000
    },
    {
        "date": "2015-04-03",
        "symbol": "PTC",
        "period": "Q2",
        "netincomeloss": 5392000,
        "othercomprehensiveincomeforeigncurrencytransactionandtranslationadjustmentnetoftaxportionattributabletoparent": -22464000,
        "othercomprehensiveincomelossreclassificationadjustmentfromaocipensionandotherpostretirementbenefitplansfornetgainlossnetoftax": -1026000,
        "othercomprehensiveincomedefinedbenefitplansnetunamortizedgainlossarisingduringperiodnetoftax": 2183000,
        "othercomprehensiveincomelossnetoftaxportionattributabletoparent": -19255000,
        "comprehensiveincomenetoftax": -13863000,
        "othercomprehensiveincomedefinedbenefitplanstaxportionattributabletoparent": 100000,
        "licensesrevenue": 85952000,
        "maintenancerevenue": 168727000,
        "salesrevenueservicesnet": 59440000,
        "salesrevenuenet": 240951000,
        "licensecosts": 13190000,
        "maintenancecosts": 21328000,
        "costofservices": 51536000,
        "costofrevenue": 86054000,
        "grossprofit": 228065000,
        "sellingandmarketingexpense": 82024000,
        "researchanddevelopmentexpense": 60158000,
        "generalandadministrativeexpense": 34235000,
        "amortizationofacquiredintangibleassetsexcludingpurchasedsoftware": 9173000,
        "restructuringcharges": 12900000,
        "operatingexpenses": 224077000,
        "operatingincomeloss": 134580000,
        "nonoperatingincomeexpense": -3601000,
        "incomelossfromcontinuingoperationsbeforeincometaxesextraordinaryitemsnoncontrollinginterest": 387000,
        "incometaxexpensebenefit": -5005000,
        "earningspersharebasic": 0.05,
        "earningspersharediluted": 0.05,
        "weightedaveragenumberofsharesoutstandingbasic": 114944000,
        "weightedaveragenumberofdilutedsharesoutstanding": 115922000
    },
    {
        "date": "2015-01-02",
        "symbol": "PTC",
        "period": "Q1",
        "netincomeloss": 30284000,
        "othercomprehensiveincomeforeigncurrencytransactionandtranslationadjustmentnetoftaxportionattributabletoparent": -20432000,
        "othercomprehensiveincomelossreclassificationadjustmentfromaocipensionandotherpostretirementbenefitplansfornetgainlossnetoftax": -1052000,
        "othercomprehensiveincomedefinedbenefitplansnetunamortizedgainlossarisingduringperiodnetoftax": 921000,
        "othercomprehensiveincomelossnetoftaxportionattributabletoparent": -18459000,
        "comprehensiveincomenetoftax": 11825000,
        "othercomprehensiveincomedefinedbenefitplanstaxportionattributabletoparent": 100000,
        "licensesrevenue": 78971000,
        "maintenancerevenue": 181629000,
        "salesrevenueservicesnet": 64842000,
        "salesrevenuenet": 246991000,
        "licensecosts": 13329000,
        "maintenancecosts": 21396000,
        "costofservices": 58217000,
        "costofrevenue": 92942000,
        "grossprofit": 232500000,
        "sellingandmarketingexpense": 87607000,
        "researchanddevelopmentexpense": 61097000,
        "generalandadministrativeexpense": 37007000,
        "amortizationofacquiredintangibleassetsexcludingpurchasedsoftware": 9413000,
        "restructuringcharges": 300000,
        "operatingexpenses": 194869000,
        "operatingincomeloss": 149045000,
        "nonoperatingincomeexpense": -3224000,
        "incomelossfromcontinuingoperationsbeforeincometaxesextraordinaryitemsnoncontrollinginterest": 34407000,
        "incometaxexpensebenefit": 4123000,
        "earningspersharebasic": 0.26,
        "earningspersharediluted": 0.26,
        "weightedaveragenumberofsharesoutstandingbasic": 115341000,
        "weightedaveragenumberofdilutedsharesoutstanding": 117027000
    },
    {
        "date": "2014-09-29",
        "symbol": "PTC",
        "period": "Q4",
        "netincomeloss": 38755000,
        "othercomprehensiveincomeforeigncurrencytransactionandtranslationadjustmentnetoftaxportionattributabletoparent": -25583000,
        "othercomprehensiveincomelossnetoftaxportionattributabletoparent": -46182000,
        "comprehensiveincomenetoftax": -7427000,
        "licensesrevenue": 112574000,
        "salesrevenueservicesnet": 72067000,
        "maintenancerevenue": 182067000,
        "salesrevenuenet": 161838000,
        "licensecosts": 8315000,
        "costofservices": 65210000,
        "maintenancecosts": 22329000,
        "costofrevenue": 95854000,
        "grossprofit": 270854000,
        "sellingandmarketingexpense": 95835000,
        "researchanddevelopmentexpense": 60387000,
        "generalandadministrativeexpense": 43344000,
        "amortizationofacquiredintangibleassetsexcludingpurchasedsoftware": 8355000,
        "operatingincomeloss": 621028000,
        "incomelossfromcontinuingoperationsbeforeincometaxesextraordinaryitemsnoncontrollinginterest": 32367000,
        "incometaxexpensebenefit": -6388000,
        "earningspersharebasic": 0.34,
        "earningspersharediluted": 0.33,
        "weightedaveragenumberofsharesoutstandingbasic": -238145000,
        "weightedaveragenumberofdilutedsharesoutstanding": -241715000
    },
    {
        "date": "2014-06-27",
        "symbol": "PTC",
        "period": "Q3",
        "netincomeloss": 38026000,
        "othercomprehensiveincomeforeigncurrencytransactionandtranslationadjustmentnetoftaxportionattributabletoparent": 2364000,
        "othercomprehensiveincomedefinedbenefitplansadjustmentnetoftaxportionattributabletoparent": -619000,
        "othercomprehensiveincomelossnetoftaxportionattributabletoparent": 2983000,
        "comprehensiveincomenetoftax": 41009000,
        "othercomprehensiveincomedefinedbenefitplanstaxportionattributabletoparent": 300000,
        "licensesrevenue": 92707000,
        "salesrevenueservicesnet": 70187000,
        "maintenancerevenue": 173740000,
        "salesrevenuenet": 77829000,
        "licensecosts": 7831000,
        "costofservices": 61910000,
        "maintenancecosts": 21335000,
        "costofrevenue": 91076000,
        "grossprofit": 245558000,
        "sellingandmarketingexpense": 91440000,
        "researchanddevelopmentexpense": 57405000,
        "generalandadministrativeexpense": 33817000,
        "amortizationofacquiredintangibleassetsexcludingpurchasedsoftware": 7998000,
        "restructuringcharges": 500000,
        "operatingexpenses": 191174000,
        "operatingincomeloss": 13516000,
        "nonoperatingincomeexpense": -2278000,
        "incomelossfromcontinuingoperationsbeforeincometaxesextraordinaryitemsnoncontrollinginterest": 52106000,
        "incometaxexpensebenefit": 14080000,
        "earningspersharebasic": 0.32,
        "earningspersharediluted": 0.32,
        "weightedaveragenumberofsharesoutstandingbasic": 118328000,
        "weightedaveragenumberofdilutedsharesoutstanding": 119901000
    },
    {
        "date": "2014-03-28",
        "symbol": "PTC",
        "period": "Q2",
        "netincomeloss": 43756000,
        "othercomprehensiveincomeforeigncurrencytransactionandtranslationadjustmentnetoftaxportionattributabletoparent": -2487000,
        "othercomprehensiveincomedefinedbenefitplansadjustmentnetoftaxportionattributabletoparent": -522000,
        "othercomprehensiveincomelossnetoftaxportionattributabletoparent": -1965000,
        "comprehensiveincomenetoftax": 41791000,
        "othercomprehensiveincomedefinedbenefitplanstaxportionattributabletoparent": 200000,
        "licensesrevenue": 85218000,
        "salesrevenueservicesnet": 77164000,
        "maintenancerevenue": 166318000,
        "salesrevenuenet": 245423000,
        "licensecosts": 7972000,
        "costofservices": 64261000,
        "maintenancecosts": 21564000,
        "costofrevenue": 93797000,
        "grossprofit": 234903000,
        "sellingandmarketingexpense": 85934000,
        "researchanddevelopmentexpense": 55631000,
        "generalandadministrativeexpense": 34140000,
        "amortizationofacquiredintangibleassetsexcludingpurchasedsoftware": 7985000,
        "operatingexpenses": 183690000,
        "operatingincomeloss": 16427000,
        "nonoperatingincomeexpense": -2692000,
        "incomelossfromcontinuingoperationsbeforeincometaxesextraordinaryitemsnoncontrollinginterest": 48521000,
        "incometaxexpensebenefit": 4765000,
        "earningspersharebasic": 0.37,
        "earningspersharediluted": 0.36,
        "weightedaveragenumberofsharesoutstandingbasic": 118978000,
        "weightedaveragenumberofdilutedsharesoutstanding": 120698000
    },
    {
        "date": "2013-12-27",
        "symbol": "PTC",
        "period": "Q1",
        "netincomeloss": 39657000,
        "othercomprehensiveincomeforeigncurrencytransactionandtranslationadjustmentnetoftaxportionattributabletoparent": 1637000,
        "othercomprehensiveincomedefinedbenefitplansadjustmentnetoftaxportionattributabletoparent": -320000,
        "othercomprehensiveincomelossnetoftaxportionattributabletoparent": 1957000,
        "comprehensiveincomenetoftax": 41614000,
        "othercomprehensiveincomedefinedbenefitplanstaxportionattributabletoparent": 200000,
        "licensesrevenue": 79192000,
        "salesrevenueservicesnet": 75591000,
        "maintenancerevenue": 170142000,
        "salesrevenuenet": 43000000,
        "licensecosts": 7545000,
        "costofservices": 65495000,
        "maintenancecosts": 19916000,
        "costofrevenue": 92956000,
        "grossprofit": 231969000,
        "sellingandmarketingexpense": 84238000,
        "researchanddevelopmentexpense": 53073000,
        "generalandadministrativeexpense": 30931000,
        "amortizationofacquiredintangibleassetsexcludingpurchasedsoftware": 7789000,
        "restructuringcharges": 1100000,
        "operatingexpenses": 177098000,
        "operatingincomeloss": 12622000,
        "nonoperatingincomeexpense": -1753000,
        "incomelossfromcontinuingoperationsbeforeincometaxesextraordinaryitemsnoncontrollinginterest": 53118000,
        "incometaxexpensebenefit": 13461000,
        "earningspersharebasic": 0.33,
        "earningspersharediluted": 0.33,
        "weightedaveragenumberofsharesoutstandingbasic": 118933000,
        "weightedaveragenumberofdilutedsharesoutstanding": 121100000
    },
    {
        "date": "2013-06-28",
        "symbol": "PTC",
        "period": "Q3",
        "netincomeloss": 34455000,
        "othercomprehensiveincomeforeigncurrencytransactionandtranslationadjustmentnetoftaxportionattributabletoparent": -998000,
        "othercomprehensiveincomedefinedbenefitplansadjustmentnetoftaxportionattributabletoparent": 178000,
        "othercomprehensiveincomelossnetoftaxportionattributabletoparent": -1176000,
        "comprehensiveincomenetoftax": 33279000,
        "othercomprehensiveincomedefinedbenefitplanstaxportionattributabletoparent": 100000,
        "licensesrevenue": 79902000,
        "salesrevenueservicesnet": 72540000,
        "maintenancerevenue": 162554000,
        "salesrevenuenet": 140517000,
        "licensecosts": 8431000,
        "costofservices": 62941000,
        "maintenancecosts": 19796000,
        "costofrevenue": 91168000,
        "grossprofit": 223828000,
        "sellingandmarketingexpense": 88298000,
        "researchanddevelopmentexpense": 53834000,
        "generalandadministrativeexpense": 28812000,
        "amortizationofacquiredintangibleassetsexcludingpurchasedsoftware": 6532000,
        "restructuringcharges": 300000,
        "operatingexpenses": 180613000,
        "operatingincomeloss": 13227000,
        "nonoperatingincomeexpense": 3181000,
        "incomelossfromcontinuingoperationsbeforeincometaxesextraordinaryitemsnoncontrollinginterest": 46396000,
        "incometaxexpensebenefit": 11941000,
        "earningspersharebasic": 0.29,
        "earningspersharediluted": 0.29,
        "weightedaveragenumberofsharesoutstandingbasic": 119440000,
        "weightedaveragenumberofdilutedsharesoutstanding": 120828000
    },
    {
        "date": "2013-03-29",
        "symbol": "PTC",
        "period": "Q2",
        "netincomeloss": 17037000,
        "othercomprehensiveincomeforeigncurrencytransactionandtranslationadjustmentnetoftaxportionattributabletoparent": -8540000,
        "othercomprehensiveincomedefinedbenefitplansadjustmentnetoftaxportionattributabletoparent": -1885000,
        "othercomprehensiveincomelossnetoftaxportionattributabletoparent": -6655000,
        "comprehensiveincomenetoftax": 10382000,
        "licensesrevenue": 79690000,
        "salesrevenueservicesnet": 73084000,
        "maintenancerevenue": 161175000,
        "salesrevenuenet": 139833000,
        "licensecosts": 8291000,
        "costofservices": 64550000,
        "maintenancecosts": 20429000,
        "costofrevenue": 93270000,
        "grossprofit": 220679000,
        "sellingandmarketingexpense": 88059000,
        "researchanddevelopmentexpense": 55528000,
        "generalandadministrativeexpense": 33398000,
        "amortizationofacquiredintangibleassetsexcludingpurchasedsoftware": 6640000,
        "restructuringcharges": 4900000,
        "operatingexpenses": 199435000,
        "operatingincomeloss": 141536000,
        "nonoperatingincomeexpense": -1867000,
        "incomelossfromcontinuingoperationsbeforeincometaxesextraordinaryitemsnoncontrollinginterest": 19377000,
        "incometaxexpensebenefit": 2340000,
        "earningspersharebasic": 0.14,
        "earningspersharediluted": 0.14,
        "weightedaveragenumberofsharesoutstandingbasic": 119518000,
        "weightedaveragenumberofdilutedsharesoutstanding": 121071000
    },
    {
        "date": "2012-12-28",
        "symbol": "PTC",
        "period": "Q1",
        "netincomeloss": 35811000,
        "othercomprehensiveincomeforeigncurrencytransactionandtranslationadjustmentnetoftaxportionattributabletoparent": 5465000,
        "othercomprehensiveincomedefinedbenefitplansadjustmentnetoftaxportionattributabletoparent": -31000,
        "othercomprehensiveincomelossnetoftaxportionattributabletoparent": 5496000,
        "comprehensiveincomenetoftax": 41307000,
        "licensesrevenue": 79185000,
        "salesrevenueservicesnet": 76760000,
        "maintenancerevenue": 163806000,
        "salesrevenuenet": 45382000,
        "licensecosts": 8012000,
        "costofservices": 68592000,
        "maintenancecosts": 20468000,
        "costofrevenue": 97072000,
        "grossprofit": 222679000,
        "sellingandmarketingexpense": 93549000,
        "researchanddevelopmentexpense": 57429000,
        "generalandadministrativeexpense": 35817000,
        "amortizationofacquiredintangibleassetsexcludingpurchasedsoftware": 6623000,
        "restructuringcharges": 6800000,
        "costsandexpenses": 208820000,
        "operatingincomeloss": 143591000,
        "nonoperatingincomeexpense": -1805000,
        "incomelossfromcontinuingoperationsbeforeincometaxesextraordinaryitemsnoncontrollinginterest": 12054000,
        "incometaxexpensebenefit": -23757000,
        "earningspersharebasic": 0.3,
        "earningspersharediluted": 0.29,
        "weightedaveragenumberofsharesoutstandingbasic": 119927000,
        "weightedaveragenumberofdilutedsharesoutstanding": 121805000
    },
    {
        "date": "2012-09-29",
        "symbol": "PTC",
        "period": "Q4",
        "netincomeloss": -83985000,
        "othercomprehensiveincomeforeigncurrencytransactionandtranslationadjustmentnetoftaxportionattributabletoparent": 6134000,
        "othercomprehensiveincomelossnetoftaxportionattributabletoparent": -520000,
        "comprehensiveincomenetoftax": -84505000,
        "licensesrevenue": 100698000,
        "servicerevenue": 224597000,
        "salesrevenuenet": -18885000,
        "licensecosts": 7478000,
        "costofservices": 80361000,
        "sellingandmarketingexpense": 94350000,
        "researchanddevelopmentexpense": 52131000,
        "generalandadministrativeexpense": 28511000,
        "amortizationofacquiredintangibleassetsexcludingpurchasedsoftware": 4859000,
        "costsandexpenses": 81632000,
        "operatingincomeloss": 425933000,
        "incomelossfromcontinuingoperationsbeforeincometaxesextraordinaryitemsnoncontrollinginterest": 56159000,
        "incometaxexpensebenefit": 140144000,
        "earningspersharebasic": -0.71,
        "earningspersharediluted": -0.7,
        "weightedaveragenumberofsharesoutstandingbasic": -237055000,
        "weightedaveragenumberofdilutedsharesoutstanding": -244000000
    },
    {
        "date": "2012-06-29",
        "symbol": "PTC",
        "period": "Q3",
        "netincomeloss": 22895000,
        "othercomprehensiveincomeforeigncurrencytransactionandtranslationadjustmentnetoftaxportionattributabletoparent": -11089000,
        "othercomprehensiveincomeminimumpensionliabilitynetadjustmentnetoftax": -231000,
        "othercomprehensiveincomelossnetoftaxportionattributabletoparent": -10858000,
        "comprehensiveincomenetoftax": 12037000,
        "othercomprehensiveincomeminimumpensionliabilitynetadjustmenttax": -100000,
        "licensesrevenue": 83829000,
        "servicerevenue": 227154000,
        "salesrevenuenet": 160029000,
        "licensecosts": 7634000,
        "costofservices": 85220000,
        "costofrevenue": 92854000,
        "grossprofit": 218129000,
        "sellingandmarketingexpense": 94706000,
        "researchanddevelopmentexpense": 53260000,
        "generalandadministrativeexpense": 29851000,
        "amortizationofacquiredintangibleassetsexcludingpurchasedsoftware": 5103000,
        "restructuringcharges": 700000,
        "costsandexpenses": 187046000,
        "operatingincomeloss": 12491000,
        "nonoperatingincomeexpense": -304000,
        "incomelossfromcontinuingoperationsbeforeincometaxesextraordinaryitemsnoncontrollinginterest": 30779000,
        "incometaxexpensebenefit": 7884000,
        "earningspersharebasic": 0.19,
        "earningspersharediluted": 0.19,
        "weightedaveragenumberofsharesoutstandingbasic": 119042000,
        "weightedaveragenumberofdilutedsharesoutstanding": 120728000
    },
    {
        "date": "2012-03-30",
        "symbol": "PTC",
        "period": "Q2",
        "netincomeloss": 3569000,
        "othercomprehensiveincomeforeigncurrencytransactionandtranslationadjustmentnetoftaxportionattributabletoparent": 7849000,
        "othercomprehensiveincomeminimumpensionliabilitynetadjustmentnetoftax": -717000,
        "othercomprehensiveincomelossnetoftaxportionattributabletoparent": 8566000,
        "comprehensiveincomenetoftax": 12135000,
        "licensesrevenue": 74779000,
        "servicerevenue": 226346000,
        "salesrevenuenet": 221653000,
        "licensecosts": 7824000,
        "costofservices": 85392000,
        "costofrevenue": 93216000,
        "grossprofit": 207909000,
        "sellingandmarketingexpense": 90962000,
        "researchanddevelopmentexpense": 54576000,
        "generalandadministrativeexpense": 29534000,
        "amortizationofacquiredintangibleassetsexcludingpurchasedsoftware": 5132000,
        "restructuringcharges": 1600000,
        "costsandexpenses": 201006000,
        "operatingincomeloss": 7959000,
        "nonoperatingincomeexpense": -2967000,
        "incomelossfromcontinuingoperationsbeforeincometaxesextraordinaryitemsnoncontrollinginterest": 3936000,
        "incometaxexpensebenefit": 367000,
        "earningspersharebasic": 0.03,
        "earningspersharediluted": 0.03,
        "weightedaveragenumberofsharesoutstandingbasic": 119003000,
        "weightedaveragenumberofdilutedsharesoutstanding": 121401000
    },
    {
        "date": "2011-12-30",
        "symbol": "PTC",
        "period": "Q1",
        "netincomeloss": 22123000,
        "othercomprehensiveincomeforeigncurrencytransactionandtranslationadjustmentnetoftaxportionattributabletoparent": -5070000,
        "othercomprehensiveincomeminimumpensionliabilitynetadjustmentnetoftax": -145000,
        "othercomprehensiveincomelossnetoftaxportionattributabletoparent": -4925000,
        "comprehensiveincomenetoftax": 17198000,
        "licensesrevenue": 89088000,
        "servicerevenue": 229188000,
        "salesrevenuenet": 117490000,
        "licensecosts": 7659000,
        "costofservices": 90560000,
        "sellingandmarketingexpense": 97778000,
        "researchanddevelopmentexpense": 54993000,
        "generalandadministrativeexpense": 29572000,
        "amortizationofacquiredintangibleassetsexcludingpurchasedsoftware": 5209000,
        "costsandexpenses": 285771000,
        "operatingincomeloss": 151961000,
        "nonoperatingincomeexpense": -2643000,
        "incomelossfromcontinuingoperationsbeforeincometaxesextraordinaryitemsnoncontrollinginterest": 29862000,
        "incometaxexpensebenefit": 7739000,
        "earningspersharebasic": 0.19,
        "earningspersharediluted": 0.18,
        "weightedaveragenumberofsharesoutstandingbasic": 117715000,
        "weightedaveragenumberofdilutedsharesoutstanding": 120576000
    },
    {
        "date": "2011-09-29",
        "symbol": "PTC",
        "period": "Q4",
        "licensesrevenue": 111002000,
        "servicerevenue": 228423000,
        "salesrevenuenet": -189511000,
        "licensecosts": 8663000,
        "costofservices": 89864000,
        "sellingandmarketingexpense": 98261000,
        "researchanddevelopmentexpense": 55730000,
        "generalandadministrativeexpense": 30213000,
        "amortizationofacquiredintangibleassetsexcludingpurchasedsoftware": 5446000,
        "costsandexpenses": 288177000,
        "operatingincomeloss": 505182000,
        "incomelossfromcontinuingoperationsbeforeincometaxesminorityinterestandincomelossfromequitymethodinvestments": 47661000,
        "incometaxexpensebenefit": 10040000,
        "netincomeloss": 37621000,
        "earningspersharebasic": 0.32999999999999996,
        "earningspersharediluted": 0.30999999999999994,
        "weightedaveragenumberofsharesoutstandingbasic": -235656000,
        "weightedaveragenumberofdilutedsharesoutstanding": -242842000,
        "othercomprehensiveincomeforeigncurrencytransactionandtranslationadjustmentnetoftaxportionattributabletoparent": -18260000,
        "othercomprehensiveincomelossnetoftaxportionattributabletoparent": -22967000,
        "comprehensiveincomenetoftax": 14654000
    },
    {
        "date": "2011-07-01",
        "symbol": "PTC",
        "period": "Q3",
        "licensesrevenue": 81431000,
        "servicerevenue": 210352000,
        "salesrevenuenet": 120302000,
        "licensecosts": 7617000,
        "costofservices": 82792000,
        "sellingandmarketingexpense": 89106000,
        "researchanddevelopmentexpense": 51103000,
        "generalandadministrativeexpense": 31882000,
        "amortizationofacquiredintangibleassetsexcludingpurchasedsoftware": 4753000,
        "costsandexpenses": 267253000,
        "operatingincomeloss": 11361000,
        "nonoperatingincomeexpense": -6271000,
        "incomelossfromcontinuingoperationsbeforeincometaxesminorityinterestandincomelossfromequitymethodinvestments": 18259000,
        "incometaxexpensebenefit": 2733000,
        "netincomeloss": 15526000,
        "earningspersharebasic": 0.13,
        "earningspersharediluted": 0.13,
        "weightedaveragenumberofsharesoutstandingbasic": 118214000,
        "weightedaveragenumberofdilutedsharesoutstanding": 121164000,
        "othercomprehensiveincomeforeigncurrencytransactionandtranslationadjustmentnetoftaxportionattributabletoparent": 2812000,
        "othercomprehensiveincomeminimumpensionliabilitynetadjustmentnetoftax": 137000,
        "othercomprehensiveincomelossnetoftaxportionattributabletoparent": 2675000,
        "comprehensiveincomenetoftax": 18201000
    },
    {
        "date": "2011-04-01",
        "symbol": "PTC",
        "period": "Q2",
        "licensesrevenue": 74215000,
        "servicerevenue": 194974000,
        "salesrevenuenet": 269189000,
        "licensecosts": 6558000,
        "costofservices": 75213000,
        "sellingandmarketingexpense": 81163000,
        "researchanddevelopmentexpense": 53051000,
        "generalandadministrativeexpense": 24712000,
        "amortizationofacquiredintangibleassetsexcludingpurchasedsoftware": 4266000,
        "costsandexpenses": 244963000,
        "operatingincomeloss": 24226000,
        "nonoperatingincomeexpense": -822000,
        "incomelossfromcontinuingoperationsbeforeincometaxesminorityinterestandincomelossfromequitymethodinvestments": 23404000,
        "incometaxexpensebenefit": 4387000,
        "netincomeloss": 19017000,
        "earningspersharebasic": 0.16,
        "earningspersharediluted": 0.16,
        "weightedaveragenumberofsharesoutstandingbasic": 118194000,
        "weightedaveragenumberofdilutedsharesoutstanding": 121502000,
        "othercomprehensiveincomeforeigncurrencytransactionandtranslationadjustmentnetoftaxportionattributabletoparent": 11264000,
        "othercomprehensiveincomeminimumpensionliabilitynetadjustmentnetoftax": 385000,
        "othercomprehensiveincomelossnetoftaxportionattributabletoparent": 10879000,
        "comprehensiveincomenetoftax": 29896000
    },
    {
        "date": "2010-12-31",
        "symbol": "PTC",
        "period": "Q1",
        "licensesrevenue": 75473000,
        "servicerevenue": 191079000,
        "salesrevenuenet": 266552000,
        "licensecosts": 5954000,
        "costofservices": 80107000,
        "sellingandmarketingexpense": 84521000,
        "researchanddevelopmentexpense": 51522000,
        "generalandadministrativeexpense": 23484000,
        "amortizationofacquiredintangibleassetsexcludingpurchasedsoftware": 3854000,
        "costsandexpenses": 249442000,
        "operatingincomeloss": 17110000,
        "nonoperatingincomeexpense": -1886000,
        "incomelossfromcontinuingoperationsbeforeincometaxesminorityinterestandincomelossfromequitymethodinvestments": 15224000,
        "incometaxexpensebenefit": 1964000,
        "netincomeloss": 13260000,
        "earningspersharebasic": 0.11,
        "earningspersharediluted": 0.11,
        "weightedaveragenumberofsharesoutstandingbasic": 116827000,
        "weightedaveragenumberofdilutedsharesoutstanding": 121150000,
        "othercomprehensiveincomeforeigncurrencytransactionandtranslationadjustmentnetoftaxportionattributabletoparent": -2990000,
        "othercomprehensiveincomeminimumpensionliabilitynetadjustmentnetoftax": -119000,
        "othercomprehensiveincomelossnetoftaxportionattributabletoparent": -2871000,
        "comprehensiveincomenetoftax": 10389000,
        "othercomprehensiveincomeminimumpensionliabilitynetadjustmenttax": 47000
    },
    {
        "date": "2010-07-02",
        "symbol": "PTC",
        "period": "Q3",
        "licensesrevenue": 67498000,
        "servicerevenue": 175500000,
        "salesrevenuenet": 242998000,
        "licensecosts": 7621000,
        "costofservices": 67090000,
        "sellingandmarketingexpense": 79121000,
        "researchanddevelopmentexpense": 50597000,
        "generalandadministrativeexpense": 22755000,
        "amortizationofacquiredintangibleassetsexcludingpurchasedsoftware": 3836000,
        "costsandexpenses": 231020000,
        "operatingincomeloss": 11978000,
        "nonoperatingincomeexpense": -320000,
        "incomelossfromcontinuingoperationsbeforeincometaxesminorityinterestandincomelossfromequitymethodinvestments": 11658000,
        "incometaxexpensebenefit": 940000,
        "netincomeloss": 10718000,
        "earningspersharebasic": 0.09,
        "earningspersharediluted": 0.09,
        "weightedaveragenumberofsharesoutstandingbasic": 115188000,
        "weightedaveragenumberofdilutedsharesoutstanding": 119003000,
        "othercomprehensiveincomeforeigncurrencytransactionandtranslationadjustmentnetoftaxportionattributabletoparent": -15757000,
        "othercomprehensiveincomeminimumpensionliabilitynetadjustmentnetoftax": 60000,
        "othercomprehensiveincomelossnetoftaxportionattributabletoparent": -15817000,
        "comprehensiveincomenetoftax": -5099000
    }
]