[
    {
        "date": "2024-06-28",
        "symbol": "TSN",
        "period": "Q3",
        "revenues": 13353000000,
        "costofgoodsandservicessold": 12475000000,
        "grossprofit": 878000000,
        "sellinggeneralandadministrativeexpense": 537000000,
        "operatingincomeloss": 341000000,
        "investmentincomeinterest": 36000000,
        "othernonoperatingincomeexpense": 11000000,
        "nonoperatingincomeexpense": -88000000,
        "incomelossfromcontinuingoperationsbeforeincometaxesextraordinaryitemsnoncontrollinginterest": 253000000,
        "incometaxexpensebenefit": 57000000,
        "profitloss": 196000000,
        "netincomelossattributabletononcontrollinginterest": 5000000,
        "netincomeloss": 191000000,
        "weightedaveragenumberofsharesoutstandingbasic": 284000000,
        "weightedaveragenumberofdilutedsharesoutstanding": 284000000,
        "earningspersharebasic": 0.55,
        "earningspersharediluted": 0.54,
        "othercomprehensiveincomelossforeigncurrencytransactionandtranslationadjustmentnetoftax": -32000000,
        "othercomprehensiveincomelosspensionandotherpostretirementbenefitplansadjustmentnetoftax": 0,
        "othercomprehensiveincomelossnetoftax": -44000000,
        "comprehensiveincomenetoftaxincludingportionattributabletononcontrollinginterest": 152000000,
        "comprehensiveincomenetoftaxattributabletononcontrollinginterest": 4000000,
        "comprehensiveincomenetoftax": 148000000
    },
    {
        "date": "2024-03-29",
        "symbol": "TSN",
        "period": "Q2",
        "revenues": 13072000000,
        "costofgoodsandservicessold": 12206000000,
        "grossprofit": 866000000,
        "sellinggeneralandadministrativeexpense": 554000000,
        "operatingincomeloss": 312000000,
        "investmentincomeinterest": 14000000,
        "interestexpense": 111000000,
        "othernonoperatingincomeexpense": -12000000,
        "nonoperatingincomeexpense": -109000000,
        "incomelossfromcontinuingoperationsbeforeincometaxesextraordinaryitemsnoncontrollinginterest": 203000000,
        "incometaxexpensebenefit": 55000000,
        "profitloss": 148000000,
        "netincomelossattributabletononcontrollinginterest": 3000000,
        "netincomeloss": 145000000,
        "weightedaveragenumberofsharesoutstandingbasic": 284000000,
        "weightedaveragenumberofdilutedsharesoutstanding": 284000000,
        "earningspersharebasic": 0.42,
        "earningspersharediluted": 0.41,
        "othercomprehensiveincomelossavailableforsalesecuritiesadjustmentnetoftax": 0,
        "othercomprehensiveincomelossforeigncurrencytransactionandtranslationadjustmentnetoftax": -54000000,
        "othercomprehensiveincomelosspensionandotherpostretirementbenefitplansadjustmentnetoftax": 1000000,
        "othercomprehensiveincomelossnetoftax": -54000000,
        "comprehensiveincomenetoftaxincludingportionattributabletononcontrollinginterest": 94000000,
        "comprehensiveincomenetoftaxattributabletononcontrollinginterest": -4000000,
        "comprehensiveincomenetoftax": 98000000
    },
    {
        "date": "2023-12-29",
        "symbol": "TSN",
        "period": "Q1",
        "revenues": 13319000000,
        "costofgoodsandservicessold": 12496000000,
        "grossprofit": 823000000,
        "sellinggeneralandadministrativeexpense": 592000000,
        "operatingincomeloss": 231000000,
        "investmentincomeinterest": 10000000,
        "interestexpense": 105000000,
        "othernonoperatingincomeexpense": 25000000,
        "nonoperatingincomeexpense": -70000000,
        "incomelossfromcontinuingoperationsbeforeincometaxesextraordinaryitemsnoncontrollinginterest": 161000000,
        "incometaxexpensebenefit": 47000000,
        "profitloss": 114000000,
        "netincomelossattributabletononcontrollinginterest": 7000000,
        "netincomeloss": 107000000,
        "weightedaveragenumberofsharesoutstandingbasic": 284000000,
        "weightedaveragenumberofdilutedsharesoutstanding": 355000000,
        "earningspersharebasic": 0.31,
        "earningspersharediluted": 0.3,
        "othercomprehensiveincomelossavailableforsalesecuritiesadjustmentnetoftax": 2000000,
        "othercomprehensiveincomelossforeigncurrencytransactionandtranslationadjustmentnetoftax": 58000000,
        "othercomprehensiveincomelosspensionandotherpostretirementbenefitplansadjustmentnetoftax": -3000000,
        "othercomprehensiveincomelossnetoftax": 63000000,
        "comprehensiveincomenetoftaxincludingportionattributabletononcontrollinginterest": 177000000,
        "comprehensiveincomenetoftaxattributabletononcontrollinginterest": 15000000,
        "comprehensiveincomenetoftax": 162000000
    },
    {
        "date": "2023-09-29",
        "symbol": "TSN",
        "period": "Q4",
        "revenues": 48471000000,
        "costofgoodsandservicessold": 12889000000,
        "grossprofit": 459000000,
        "sellinggeneralandadministrativeexpense": 589000000,
        "operatingincomeloss": -157000000,
        "investmentincomeinterest": 8000000,
        "interestanddebtexpense": 93000000,
        "othernonoperatingincomeexpense": -8000000,
        "nonoperatingincomeexpense": -93000000,
        "incomelossfromcontinuingoperationsbeforeincometaxesextraordinaryitemsnoncontrollinginterest": -556000000,
        "incometaxexpensebenefit": -113000000,
        "profitloss": -443000000,
        "netincomelossattributabletononcontrollinginterest": -9000000,
        "netincomeloss": -450000000,
        "weightedaveragenumberofdilutedsharesoutstanding": 284000000,
        "earningspersharebasic": -1.36,
        "earningspersharediluted": -1.31,
        "othercomprehensiveincomelossforeigncurrencytransactionandtranslationadjustmentnetoftax": -35000000,
        "othercomprehensiveincomelossnetoftax": -31000000,
        "comprehensiveincomenetoftaxincludingportionattributabletononcontrollinginterest": -474000000,
        "comprehensiveincomenetoftaxattributabletononcontrollinginterest": 7000000,
        "comprehensiveincomenetoftax": -481000000
    },
    {
        "date": "2023-06-30",
        "symbol": "TSN",
        "period": "Q3",
        "revenues": 1381000000,
        "costofgoodsandservicessold": 12463000000,
        "grossprofit": 677000000,
        "sellinggeneralandadministrativeexpense": 579000000,
        "operatingincomeloss": -234000000,
        "investmentincomeinterest": 6000000,
        "interestanddebtexpense": 89000000,
        "othernonoperatingincomeexpense": 7000000,
        "nonoperatingincomeexpense": -76000000,
        "incomelossfromcontinuingoperationsbeforeincometaxesextraordinaryitemsnoncontrollinginterest": -426000000,
        "incometaxexpensebenefit": 9000000,
        "profitloss": -435000000,
        "netincomelossattributabletononcontrollinginterest": 18000000,
        "netincomeloss": -417000000,
        "weightedaveragenumberofdilutedsharesoutstanding": -1000000,
        "earningspersharebasic": -1.07,
        "earningspersharediluted": -1.17,
        "othercomprehensiveincomelossforeigncurrencytransactionandtranslationadjustmentnetoftax": -35000000,
        "othercomprehensiveincomelossnetoftax": -35000000,
        "comprehensiveincomenetoftaxincludingportionattributabletononcontrollinginterest": -470000000,
        "comprehensiveincomenetoftaxattributabletononcontrollinginterest": -18000000,
        "comprehensiveincomenetoftax": -452000000
    },
    {
        "date": "2023-03-31",
        "symbol": "TSN",
        "period": "Q2",
        "revenues": 1480000000,
        "costofgoodsandservicessold": 12606000000,
        "grossprofit": 527000000,
        "sellinggeneralandadministrativeexpense": 576000000,
        "operatingincomeloss": 1000000,
        "investmentincomeinterest": 7000000,
        "interestanddebtexpense": 89000000,
        "othernonoperatingincomeexpense": 1000000,
        "nonoperatingincomeexpense": -81000000,
        "incomelossfromcontinuingoperationsbeforeincometaxesextraordinaryitemsnoncontrollinginterest": -130000000,
        "incometaxexpensebenefit": -39000000,
        "profitloss": -91000000,
        "netincomelossattributabletononcontrollinginterest": -6000000,
        "netincomeloss": -97000000,
        "weightedaveragenumberofsharesoutstandingbasic": 0,
        "weightedaveragenumberofdilutedsharesoutstanding": -2000000,
        "earningspersharebasic": -0.25,
        "earningspersharediluted": -0.27,
        "othercomprehensiveincomelossforeigncurrencytransactionandtranslationadjustmentnetoftax": 18000000,
        "othercomprehensiveincomelossnetoftax": 21000000,
        "comprehensiveincomenetoftaxincludingportionattributabletononcontrollinginterest": -70000000,
        "comprehensiveincomenetoftaxattributabletononcontrollinginterest": 6000000,
        "comprehensiveincomenetoftax": -76000000,
        "othercomprehensiveincomelosscashflowhedgegainlossbeforereclassificationaftertax": 0
    },
    {
        "date": "2022-12-30",
        "symbol": "TSN",
        "period": "Q1",
        "revenues": 1549000000,
        "costofgoodsandservicessold": 12292000000,
        "grossprofit": 968000000,
        "sellinggeneralandadministrativeexpense": 501000000,
        "operatingincomeloss": -5000000,
        "investmentincomeinterest": 9000000,
        "interestanddebtexpense": 84000000,
        "othernonoperatingincomeexpense": 42000000,
        "nonoperatingincomeexpense": -33000000,
        "incomelossfromcontinuingoperationsbeforeincometaxesextraordinaryitemsnoncontrollinginterest": 434000000,
        "incometaxexpensebenefit": 114000000,
        "profitloss": 320000000,
        "netincomelossattributabletononcontrollinginterest": -4000000,
        "netincomeloss": 316000000,
        "weightedaveragenumberofsharesoutstandingbasic": 70000000,
        "weightedaveragenumberofdilutedsharesoutstanding": 358000000,
        "earningspersharebasic": 0.81,
        "earningspersharediluted": 0.88,
        "othercomprehensiveincomelossforeigncurrencytransactionandtranslationadjustmentnetoftax": 81000000,
        "othercomprehensiveincomelossnetoftax": 82000000,
        "comprehensiveincomenetoftaxincludingportionattributabletononcontrollinginterest": 402000000,
        "comprehensiveincomenetoftaxattributabletononcontrollinginterest": 4000000,
        "comprehensiveincomenetoftax": 398000000,
        "othercomprehensiveincomelosscashflowhedgegainlossbeforereclassificationaftertax": 1000000
    },
    {
        "date": "2022-09-30",
        "symbol": "TSN",
        "period": "Q4",
        "revenues": 1669000000,
        "costofgoodsandservicessold": 12430000000,
        "grossprofit": 1307000000,
        "sellinggeneralandadministrativeexpense": 541000000,
        "operatingincomeloss": -5000000,
        "investmentincomeinterest": 7000000,
        "interestanddebtexpense": 83000000,
        "othernonoperatingincomeexpense": -24000000,
        "nonoperatingincomeexpense": -100000000,
        "incomelossfromcontinuingoperationsbeforeincometaxesextraordinaryitemsnoncontrollinginterest": 666000000,
        "incometaxexpensebenefit": 129000000,
        "profitloss": 537000000,
        "netincomelossattributabletononcontrollinginterest": 1000000,
        "netincomeloss": 538000000,
        "weightedaveragenumberofsharesoutstandingbasic": 0,
        "weightedaveragenumberofdilutedsharesoutstanding": -1000000,
        "earningspersharebasic": 1.3800000000000008,
        "earningspersharediluted": 1.5000000000000004,
        "othercomprehensiveincomelossavailableforsalesecuritiesadjustmentnetoftax": -2000000,
        "othercomprehensiveincomelossforeigncurrencytransactionandtranslationadjustmentnetoftax": -77000000,
        "othercomprehensiveincomelosspensionandotherpostretirementbenefitplansadjustmentnetoftax": -37000000,
        "comprehensiveincomenetoftaxincludingportionattributabletononcontrollinginterest": 495000000,
        "comprehensiveincomenetoftaxattributabletononcontrollinginterest": -1000000,
        "comprehensiveincomenetoftax": 496000000
    },
    {
        "date": "2022-07-01",
        "symbol": "TSN",
        "period": "Q3",
        "revenues": 1570000000,
        "costofgoodsandservicessold": 11884000000,
        "grossprofit": 1611000000,
        "sellinggeneralandadministrativeexpense": 578000000,
        "operatingincomeloss": 12000000,
        "investmentincomeinterest": 4000000,
        "interestanddebtexpense": 85000000,
        "othernonoperatingincomeexpense": 34000000,
        "nonoperatingincomeexpense": -47000000,
        "incomelossfromcontinuingoperationsbeforeincometaxesextraordinaryitemsnoncontrollinginterest": 986000000,
        "incometaxexpensebenefit": 233000000,
        "profitloss": 753000000,
        "netincomelossattributabletononcontrollinginterest": -3000000,
        "netincomeloss": 750000000,
        "weightedaveragenumberofsharesoutstandingbasic": -70000000,
        "weightedaveragenumberofdilutedsharesoutstanding": -365000000,
        "earningspersharebasic": 1.92,
        "earningspersharediluted": 2.0700000000000007,
        "othercomprehensiveincomelossavailableforsalesecuritiesadjustmentnetoftax": -1000000,
        "othercomprehensiveincomelossforeigncurrencytransactionandtranslationadjustmentnetoftax": -112000000,
        "othercomprehensiveincomelosspensionandotherpostretirementbenefitplansadjustmentnetoftax": -2000000,
        "comprehensiveincomenetoftaxincludingportionattributabletononcontrollinginterest": 642000000,
        "comprehensiveincomenetoftaxattributabletononcontrollinginterest": 3000000,
        "comprehensiveincomenetoftax": 639000000
    },
    {
        "date": "2022-04-01",
        "symbol": "TSN",
        "period": "Q2",
        "revenues": 1531000000,
        "costofgoodsandservicessold": 11382000000,
        "grossprofit": 1735000000,
        "sellinggeneralandadministrativeexpense": 579000000,
        "operatingincomeloss": -2000000,
        "investmentincomeinterest": 3000000,
        "interestanddebtexpense": 97000000,
        "othernonoperatingincomeexpense": 25000000,
        "nonoperatingincomeexpense": -69000000,
        "incomelossfromcontinuingoperationsbeforeincometaxesextraordinaryitemsnoncontrollinginterest": 1087000000,
        "incometaxexpensebenefit": 254000000,
        "profitloss": 833000000,
        "netincomelossattributabletononcontrollinginterest": -4000000,
        "netincomeloss": 829000000,
        "weightedaveragenumberofsharesoutstandingbasic": 70000000,
        "weightedaveragenumberofdilutedsharesoutstanding": 364000000,
        "earningspersharebasic": 2.11,
        "earningspersharediluted": 2.28,
        "othercomprehensiveincomelossavailableforsalesecuritiesadjustmentnetoftax": -3000000,
        "othercomprehensiveincomelossforeigncurrencytransactionandtranslationadjustmentnetoftax": 28000000,
        "othercomprehensiveincomelosspensionandotherpostretirementbenefitplansadjustmentnetoftax": -2000000,
        "othercomprehensiveincomelossnetoftax": 28000000,
        "comprehensiveincomenetoftaxincludingportionattributabletononcontrollinginterest": 861000000,
        "comprehensiveincomenetoftaxattributabletononcontrollinginterest": 4000000,
        "comprehensiveincomenetoftax": 857000000,
        "othercomprehensiveincomelosscashflowhedgegainlossbeforereclassificationaftertax": 1000000
    },
    {
        "date": "2021-12-31",
        "symbol": "TSN",
        "period": "Q1",
        "revenues": 1441000000,
        "costofgoodsandservicessold": 10918000000,
        "grossprofit": 2015000000,
        "sellinggeneralandadministrativeexpense": 560000000,
        "operatingincomeloss": 9000000,
        "investmentincomeinterest": 3000000,
        "interestanddebtexpense": 100000000,
        "othernonoperatingincomeexpense": 52000000,
        "nonoperatingincomeexpense": -45000000,
        "incomelossfromcontinuingoperationsbeforeincometaxesextraordinaryitemsnoncontrollinginterest": 1410000000,
        "incometaxexpensebenefit": 284000000,
        "profitloss": 1126000000,
        "netincomelossattributabletononcontrollinginterest": -5000000,
        "netincomeloss": 1121000000,
        "weightedaveragenumberofsharesoutstandingbasic": 70000000,
        "weightedaveragenumberofdilutedsharesoutstanding": 365000000,
        "earningspersharebasic": 2.84,
        "earningspersharediluted": 3.07,
        "othercomprehensiveincomelossavailableforsalesecuritiesadjustmentnetoftax": -1000000,
        "othercomprehensiveincomelossforeigncurrencytransactionandtranslationadjustmentnetoftax": -1000000,
        "othercomprehensiveincomelosspensionandotherpostretirementbenefitplansadjustmentnetoftax": -2000000,
        "comprehensiveincomenetoftaxincludingportionattributabletononcontrollinginterest": 1126000000,
        "comprehensiveincomenetoftaxattributabletononcontrollinginterest": 5000000,
        "comprehensiveincomenetoftax": 1121000000
    },
    {
        "date": "2021-10-01",
        "symbol": "TSN",
        "period": "Q4",
        "revenues": 1475000000,
        "costofgoodsandservicessold": 10335000000,
        "grossprofit": 2476000000,
        "sellinggeneralandadministrativeexpense": 567000000,
        "operatingincomeloss": -636000000,
        "investmentincomeinterest": 2000000,
        "interestanddebtexpense": 103000000,
        "othernonoperatingincomeexpense": 27000000,
        "nonoperatingincomeexpense": -74000000,
        "incomelossfromcontinuingoperationsbeforeincometaxesextraordinaryitemsnoncontrollinginterest": 1835000000,
        "incometaxexpensebenefit": 477000000,
        "profitloss": 1358000000,
        "netincomelossattributabletononcontrollinginterest": -3000000,
        "netincomeloss": 1355000000,
        "weightedaveragenumberofsharesoutstandingbasic": 0,
        "weightedaveragenumberofdilutedsharesoutstanding": 0,
        "earningspersharebasic": 3.4300000000000006,
        "earningspersharediluted": 3.71,
        "othercomprehensiveincomelossforeigncurrencytransactionandtranslationadjustmentnetoftax": -34000000,
        "othercomprehensiveincomelossnetoftax": -47000000,
        "comprehensiveincomenetoftaxincludingportionattributabletononcontrollinginterest": 1311000000,
        "comprehensiveincomenetoftaxattributabletononcontrollinginterest": 3000000,
        "comprehensiveincomenetoftax": 1308000000
    },
    {
        "date": "2021-07-02",
        "symbol": "TSN",
        "period": "Q3",
        "revenues": 12478000000,
        "costofgoodsandservicessold": 10858000000,
        "grossprofit": 1620000000,
        "sellinggeneralandadministrativeexpense": 558000000,
        "operatingincomeloss": 1062000000,
        "investmentincomeinterest": 2000000,
        "interestanddebtexpense": 105000000,
        "othernonoperatingincomeexpense": 7000000,
        "nonoperatingincomeexpense": -96000000,
        "incomelossfromcontinuingoperationsbeforeincometaxesextraordinaryitemsnoncontrollinginterest": 966000000,
        "incometaxexpensebenefit": 213000000,
        "profitloss": 753000000,
        "netincomelossattributabletononcontrollinginterest": 4000000,
        "netincomeloss": 749000000,
        "weightedaveragenumberofsharesoutstandingbasic": -293000000,
        "weightedaveragenumberofdilutedsharesoutstanding": -365000000,
        "earningspersharebasic": 2.11,
        "earningspersharediluted": 2.05,
        "othercomprehensiveincomelossderivativesqualifyingashedgesnetoftax": 0,
        "othercomprehensiveincomelossforeigncurrencytransactionandtranslationadjustmentnetoftax": 25000000,
        "othercomprehensiveincomelosspensionandotherpostretirementbenefitplansadjustmentnetoftax": 0,
        "othercomprehensiveincomelossnetoftax": 25000000,
        "comprehensiveincomenetoftaxincludingportionattributabletononcontrollinginterest": 778000000,
        "comprehensiveincomenetoftaxattributabletononcontrollinginterest": 4000000,
        "comprehensiveincomenetoftax": 774000000
    },
    {
        "date": "2021-04-02",
        "symbol": "TSN",
        "period": "Q2",
        "revenues": 11300000000,
        "costofgoodsandservicessold": 10047000000,
        "grossprofit": 1253000000,
        "sellinggeneralandadministrativeexpense": 533000000,
        "operatingincomeloss": 720000000,
        "investmentincomeinterest": 2000000,
        "interestanddebtexpense": 110000000,
        "othernonoperatingincomeexpense": 12000000,
        "nonoperatingincomeexpense": -96000000,
        "incomelossfromcontinuingoperationsbeforeincometaxesextraordinaryitemsnoncontrollinginterest": 624000000,
        "incometaxexpensebenefit": 147000000,
        "profitloss": 477000000,
        "netincomelossattributabletononcontrollinginterest": 1000000,
        "netincomeloss": 476000000,
        "weightedaveragenumberofsharesoutstandingbasic": 293000000,
        "weightedaveragenumberofdilutedsharesoutstanding": 365000000,
        "earningspersharebasic": 1.34,
        "earningspersharediluted": 1.3,
        "othercomprehensiveincomelossderivativesqualifyingashedgesnetoftax": 1000000,
        "othercomprehensiveincomelossavailableforsalesecuritiesadjustmentnetoftax": -1000000,
        "othercomprehensiveincomelossforeigncurrencytransactionandtranslationadjustmentnetoftax": -49000000,
        "othercomprehensiveincomelosspensionandotherpostretirementbenefitplansadjustmentnetoftax": -1000000,
        "othercomprehensiveincomelossnetoftax": -48000000,
        "comprehensiveincomenetoftaxincludingportionattributabletononcontrollinginterest": 429000000,
        "comprehensiveincomenetoftaxattributabletononcontrollinginterest": 1000000,
        "comprehensiveincomenetoftax": 428000000
    },
    {
        "date": "2021-01-01",
        "symbol": "TSN",
        "period": "Q1",
        "revenues": 10460000000,
        "costofgoodsandservicessold": 9283000000,
        "grossprofit": 1177000000,
        "sellinggeneralandadministrativeexpense": 472000000,
        "operatingincomeloss": 705000000,
        "investmentincomeinterest": 2000000,
        "interestanddebtexpense": 110000000,
        "othernonoperatingincomeexpense": 19000000,
        "nonoperatingincomeexpense": -89000000,
        "incomelossfromcontinuingoperationsbeforeincometaxesextraordinaryitemsnoncontrollinginterest": 616000000,
        "incometaxexpensebenefit": 144000000,
        "profitloss": 472000000,
        "netincomelossattributabletononcontrollinginterest": 5000000,
        "netincomeloss": 467000000,
        "weightedaveragenumberofsharesoutstandingbasic": 293000000,
        "weightedaveragenumberofdilutedsharesoutstanding": 365000000,
        "earningspersharebasic": 1.31,
        "earningspersharediluted": 1.28,
        "othercomprehensiveincomelossderivativesqualifyingashedgesnetoftax": 1000000,
        "othercomprehensiveincomelossforeigncurrencytransactionandtranslationadjustmentnetoftax": 75000000,
        "othercomprehensiveincomelosspensionandotherpostretirementbenefitplansadjustmentnetoftax": -1000000,
        "othercomprehensiveincomelossnetoftax": 77000000,
        "comprehensiveincomenetoftaxincludingportionattributabletononcontrollinginterest": 549000000,
        "comprehensiveincomenetoftaxattributabletononcontrollinginterest": 5000000,
        "comprehensiveincomenetoftax": 544000000
    },
    {
        "date": "2020-10-02",
        "symbol": "TSN",
        "period": "Q4",
        "profitloss": 695000000,
        "othercomprehensiveincomelossderivativesqualifyingashedgesnetoftax": 10000000,
        "othercomprehensiveincomelossforeigncurrencytransactionandtranslationadjustmentnetoftax": 30000000,
        "othercomprehensiveincomelossnetoftax": 38000000,
        "comprehensiveincomenetoftaxincludingportionattributabletononcontrollinginterest": 733000000,
        "comprehensiveincomenetoftax": 730000000,
        "revenues": 1798000000,
        "costofgoodsandservicessold": 9850000000,
        "grossprofit": 1610000000,
        "sellinggeneralandadministrativeexpense": 598000000,
        "operatingincomeloss": 196000000,
        "investmentincomeinterest": 1000000,
        "interestanddebtexpense": 124000000,
        "othernonoperatingincomeexpense": -2000000,
        "nonoperatingincomeexpense": -125000000,
        "incomelossfromcontinuingoperationsbeforeincometaxesextraordinaryitemsnoncontrollinginterest": 887000000,
        "incometaxexpensebenefit": 192000000,
        "netincomelossattributabletononcontrollinginterest": -5000000,
        "netincomeloss": 692000000,
        "weightedaveragenumberofsharesoutstandingbasic": -223000000,
        "weightedaveragenumberofdilutedsharesoutstanding": -1000000,
        "earningspersharebasic": 1.7899999999999987,
        "earningspersharediluted": 1.9
    },
    {
        "date": "2020-06-26",
        "symbol": "TSN",
        "period": "Q3",
        "profitloss": 527000000,
        "othercomprehensiveincomelossderivativesqualifyingashedgesnetoftax": 1000000,
        "othercomprehensiveincomelossforeigncurrencytransactionandtranslationadjustmentnetoftax": 10000000,
        "othercomprehensiveincomelossnetoftax": 13000000,
        "comprehensiveincomenetoftaxincludingportionattributabletononcontrollinginterest": 540000000,
        "comprehensiveincomenetoftaxattributabletononcontrollinginterest": 0,
        "comprehensiveincomenetoftax": 540000000,
        "revenues": 19684000000,
        "costofgoodsandservicessold": 8709000000,
        "grossprofit": 1313000000,
        "sellinggeneralandadministrativeexpense": 538000000,
        "operatingincomeloss": 1591000000,
        "investmentincomeinterest": 3000000,
        "interestanddebtexpense": 122000000,
        "othernonoperatingincomeexpense": 11000000,
        "nonoperatingincomeexpense": -108000000,
        "incomelossfromcontinuingoperationsbeforeincometaxesextraordinaryitemsnoncontrollinginterest": 667000000,
        "incometaxexpensebenefit": 140000000,
        "netincomelossattributabletononcontrollinginterest": 8000000,
        "netincomeloss": 527000000,
        "weightedaveragenumberofsharesoutstandingbasic": -70000000,
        "weightedaveragenumberofdilutedsharesoutstanding": -366000000,
        "earningspersharebasic": 1.6400000000000001,
        "earningspersharediluted": 1.44
    },
    {
        "date": "2020-03-27",
        "symbol": "TSN",
        "period": "Q2",
        "profitloss": 367000000,
        "othercomprehensiveincomelossderivativesqualifyingashedgesnetoftax": -5000000,
        "othercomprehensiveincomelossforeigncurrencytransactionandtranslationadjustmentnetoftax": -104000000,
        "othercomprehensiveincomelosspensionandotherpostretirementbenefitplansadjustmentnetoftax": 42000000,
        "othercomprehensiveincomelossnetoftax": -151000000,
        "comprehensiveincomenetoftaxincludingportionattributabletononcontrollinginterest": 216000000,
        "comprehensiveincomenetoftaxattributabletononcontrollinginterest": 3000000,
        "comprehensiveincomenetoftax": 213000000,
        "revenues": 10888000000,
        "costofgoodsandservicessold": 9867000000,
        "grossprofit": 1021000000,
        "sellinggeneralandadministrativeexpense": 520000000,
        "operatingincomeloss": 501000000,
        "investmentincomeinterest": 3000000,
        "interestanddebtexpense": 119000000,
        "othernonoperatingincomeexpense": 106000000,
        "nonoperatingincomeexpense": -10000000,
        "incomelossfromcontinuingoperationsbeforeincometaxesextraordinaryitemsnoncontrollinginterest": 491000000,
        "incometaxexpensebenefit": 124000000,
        "netincomelossattributabletononcontrollinginterest": 3000000,
        "netincomeloss": 364000000,
        "weightedaveragenumberofsharesoutstandingbasic": 293000000,
        "weightedaveragenumberofdilutedsharesoutstanding": 365000000,
        "earningspersharebasic": 1.03,
        "earningspersharediluted": 1
    },
    {
        "date": "2019-12-27",
        "symbol": "TSN",
        "period": "Q1",
        "profitloss": 561000000,
        "othercomprehensiveincomelossderivativesqualifyingashedgesnetoftax": 3000000,
        "othercomprehensiveincomelossforeigncurrencytransactionandtranslationadjustmentnetoftax": 35000000,
        "othercomprehensiveincomelossnetoftax": 38000000,
        "comprehensiveincomenetoftaxincludingportionattributabletononcontrollinginterest": 599000000,
        "comprehensiveincomenetoftaxattributabletononcontrollinginterest": 4000000,
        "comprehensiveincomenetoftax": 595000000,
        "revenues": 10815000000,
        "costofgoodsandservicessold": 9375000000,
        "grossprofit": 1440000000,
        "sellinggeneralandadministrativeexpense": 614000000,
        "operatingincomeloss": 826000000,
        "investmentincomeinterest": 3000000,
        "interestanddebtexpense": 120000000,
        "othernonoperatingincomeexpense": 16000000,
        "nonoperatingincomeexpense": -101000000,
        "incomelossfromcontinuingoperationsbeforeincometaxesextraordinaryitemsnoncontrollinginterest": 725000000,
        "incometaxexpensebenefit": 164000000,
        "netincomelossattributabletononcontrollinginterest": 4000000,
        "netincomeloss": 557000000,
        "weightedaveragenumberofsharesoutstandingbasic": 293000000,
        "weightedaveragenumberofdilutedsharesoutstanding": 367000000,
        "earningspersharebasic": 1.56,
        "earningspersharediluted": 1.52
    },
    {
        "date": "2019-09-27",
        "symbol": "TSN",
        "period": "Q4",
        "profitloss": 372000000,
        "othercomprehensiveincomelossderivativesqualifyingashedgesnetoftax": -7000000,
        "othercomprehensiveincomelossforeigncurrencytransactionandtranslationadjustmentnetoftax": -41000000,
        "othercomprehensiveincomelossnetoftax": -111000000,
        "comprehensiveincomenetoftaxincludingportionattributabletononcontrollinginterest": 261000000,
        "comprehensiveincomenetoftaxattributabletononcontrollinginterest": 3000000,
        "comprehensiveincomenetoftax": 258000000,
        "revenues": 1845000000,
        "costofgoodsandservicessold": 9745000000,
        "grossprofit": 1139000000,
        "sellinggeneralandadministrativeexpense": 535000000,
        "operatingincomeloss": -221000000,
        "investmentincomeinterest": 2000000,
        "interestanddebtexpense": 123000000,
        "othernonoperatingincomeexpense": -17000000,
        "nonoperatingincomeexpense": -138000000,
        "incomelossfromcontinuingoperationsbeforeincometaxesextraordinaryitemsnoncontrollinginterest": 466000000,
        "incometaxexpensebenefit": 94000000,
        "netincomelossattributabletononcontrollinginterest": 1000000,
        "netincomeloss": 369000000,
        "weightedaveragenumberofsharesoutstandingbasic": -224000000,
        "earningspersharebasic": 0.8799999999999999,
        "earningspersharediluted": 1.0099999999999998
    },
    {
        "date": "2019-06-28",
        "symbol": "TSN",
        "period": "Q3",
        "profitloss": 681000000,
        "othercomprehensiveincomelossderivativesqualifyingashedgesnetoftax": 4000000,
        "othercomprehensiveincomelossforeigncurrencytransactionandtranslationadjustmentnetoftax": -15000000,
        "othercomprehensiveincomelossnetoftax": -10000000,
        "comprehensiveincomenetoftaxincludingportionattributabletononcontrollinginterest": 671000000,
        "comprehensiveincomenetoftaxattributabletononcontrollinginterest": 5000000,
        "comprehensiveincomenetoftax": 666000000,
        "revenues": 10885000000,
        "costofgoodsandservicessold": 9549000000,
        "grossprofit": 1336000000,
        "sellinggeneralandadministrativeexpense": 555000000,
        "operatingincomeloss": 781000000,
        "investmentincomeinterest": 2000000,
        "interestanddebtexpense": 121000000,
        "othernonoperatingincomeexpense": 62000000,
        "nonoperatingincomeexpense": -57000000,
        "incomelossfromcontinuingoperationsbeforeincometaxesextraordinaryitemsnoncontrollinginterest": 724000000,
        "incometaxexpensebenefit": 43000000,
        "netincomelossattributabletononcontrollinginterest": 5000000,
        "netincomeloss": 676000000,
        "earningspersharebasic": 1.8999999999999995,
        "earningspersharediluted": 1.8399999999999999
    },
    {
        "date": "2019-03-29",
        "symbol": "TSN",
        "period": "Q2",
        "profitloss": 430000000,
        "othercomprehensiveincomelossderivativesqualifyingashedgesnetoftax": -3000000,
        "othercomprehensiveincomelossavailableforsalesecuritiesadjustmentnetoftax": 0,
        "othercomprehensiveincomelossforeigncurrencytransactionandtranslationadjustmentnetoftax": 25000000,
        "othercomprehensiveincomelosspensionandotherpostretirementbenefitplansadjustmentnetoftax": 0,
        "othercomprehensiveincomelossnetoftax": 22000000,
        "comprehensiveincomenetoftaxincludingportionattributabletononcontrollinginterest": 452000000,
        "comprehensiveincomenetoftaxattributabletononcontrollinginterest": 4000000,
        "comprehensiveincomenetoftax": 448000000,
        "revenues": 10443000000,
        "costofgoodsandservicessold": 9251000000,
        "grossprofit": 1192000000,
        "sellinggeneralandadministrativeexpense": 557000000,
        "operatingincomeloss": 635000000,
        "investmentincomeinterest": 5000000,
        "interestanddebtexpense": 119000000,
        "othernonoperatingincomeexpense": 7000000,
        "nonoperatingincomeexpense": -107000000,
        "incomelossfromcontinuingoperationsbeforeincometaxesextraordinaryitemsnoncontrollinginterest": 528000000,
        "incometaxexpensebenefit": 98000000,
        "netincomelossattributabletononcontrollinginterest": 4000000,
        "netincomeloss": 426000000,
        "weightedaveragenumberofsharesoutstandingbasic": 0,
        "weightedaveragenumberofdilutedsharesoutstanding": 0,
        "earningspersharebasic": 1.2000000000000002,
        "earningspersharediluted": 1.17
    },
    {
        "date": "2018-12-28",
        "symbol": "TSN",
        "period": "Q1",
        "profitloss": 552000000,
        "othercomprehensiveincomelossderivativesqualifyingashedgesnetoftax": -9000000,
        "othercomprehensiveincomelossavailableforsalesecuritiesadjustmentnetoftax": 1000000,
        "othercomprehensiveincomelossforeigncurrencytransactionandtranslationadjustmentnetoftax": 8000000,
        "othercomprehensiveincomelosspensionandotherpostretirementbenefitplansadjustmentnetoftax": 3000000,
        "othercomprehensiveincomelossnetoftax": -3000000,
        "comprehensiveincomenetoftaxincludingportionattributabletononcontrollinginterest": 549000000,
        "comprehensiveincomenetoftaxattributabletononcontrollinginterest": 1000000,
        "comprehensiveincomenetoftax": 548000000,
        "revenues": 10193000000,
        "costofgoodsandservicessold": 8838000000,
        "grossprofit": 1355000000,
        "sellinggeneralandadministrativeexpense": 548000000,
        "operatingincomeloss": 807000000,
        "investmentincomeinterest": 2000000,
        "interestanddebtexpense": 99000000,
        "othernonoperatingincomeexpense": 3000000,
        "nonoperatingincomeexpense": -94000000,
        "incomelossfromcontinuingoperationsbeforeincometaxesextraordinaryitemsnoncontrollinginterest": 713000000,
        "incometaxexpensebenefit": 161000000,
        "netincomelossattributabletononcontrollinginterest": 1000000,
        "netincomeloss": 551000000,
        "weightedaveragenumberofsharesoutstandingbasic": 294000000,
        "weightedaveragenumberofdilutedsharesoutstanding": 366000000,
        "earningspersharebasic": 1.54,
        "earningspersharediluted": 1.5
    },
    {
        "date": "2018-09-28",
        "symbol": "TSN",
        "period": "Q4",
        "profitloss": 537000000,
        "othercomprehensiveincomelossderivativesqualifyingashedgesnetoftax": 0,
        "othercomprehensiveincomelossforeigncurrencytransactionandtranslationadjustmentnetoftax": -10000000,
        "othercomprehensiveincomelosspensionandotherpostretirementbenefitplansadjustmentnetoftax": 0,
        "othercomprehensiveincomelossnetoftax": -37000000,
        "comprehensiveincomenetoftaxincludingportionattributabletononcontrollinginterest": 527000000,
        "comprehensiveincomenetoftaxattributabletononcontrollinginterest": 0,
        "comprehensiveincomenetoftax": 527000000,
        "grossprofit": 1349000000,
        "sellinggeneralandadministrativeexpense": 521000000,
        "operatingincomeloss": 241000000,
        "investmentincomeinterest": 1000000,
        "interestanddebtexpense": 87000000,
        "othernonoperatingincomeexpense": 15000000,
        "nonoperatingincomeexpense": -71000000,
        "incomelossfromcontinuingoperationsbeforeincometaxesextraordinaryitemsnoncontrollinginterest": 757000000,
        "incometaxexpensebenefit": 220000000,
        "netincomelossattributabletononcontrollinginterest": -6000000,
        "netincomeloss": 537000000,
        "weightedaveragenumberofsharesoutstandingbasic": -140000000,
        "weightedaveragenumberofdilutedsharesoutstanding": -741000000,
        "earningspersharebasic": 1.3499999999999996,
        "earningspersharediluted": 1.4699999999999998
    },
    {
        "date": "2018-06-29",
        "symbol": "TSN",
        "period": "Q3",
        "profitloss": 542000000,
        "othercomprehensiveincomelossderivativesqualifyingashedgesnetoftax": -9000000,
        "othercomprehensiveincomelossavailableforsalesecuritiesadjustmentnetoftax": -1000000,
        "othercomprehensiveincomelossforeigncurrencytransactionandtranslationadjustmentnetoftax": -25000000,
        "othercomprehensiveincomelosspensionandotherpostretirementbenefitplansadjustmentnetoftax": 3000000,
        "othercomprehensiveincomelossnetoftax": -3000000,
        "comprehensiveincomenetoftaxincludingportionattributabletononcontrollinginterest": 504000000,
        "comprehensiveincomenetoftaxattributabletononcontrollinginterest": 1000000,
        "comprehensiveincomenetoftax": 503000000,
        "revenues": 2132000000,
        "costofgoodsandservicessold": 8745000000,
        "grossprofit": 1306000000,
        "sellinggeneralandadministrativeexpense": 504000000,
        "operatingincomeloss": 243000000,
        "investmentincomeinterest": 2000000,
        "interestanddebtexpense": 89000000,
        "othernonoperatingincomeexpense": 8000000,
        "nonoperatingincomeexpense": -79000000,
        "incomelossfromcontinuingoperationsbeforeincometaxesextraordinaryitemsnoncontrollinginterest": 723000000,
        "incometaxexpensebenefit": 181000000,
        "netincomelossattributabletononcontrollinginterest": 1000000,
        "netincomeloss": 541000000,
        "weightedaveragenumberofsharesoutstandingbasic": 70000000,
        "weightedaveragenumberofdilutedsharesoutstanding": 369000000,
        "earningspersharebasic": 1.37,
        "earningspersharediluted": 1.47,
        "commonstockdividendspersharedeclared": 0.27
    },
    {
        "date": "2018-03-30",
        "symbol": "TSN",
        "period": "Q2",
        "profitloss": 316000000,
        "othercomprehensiveincomelossderivativesqualifyingashedgesnetoftax": 3000000,
        "othercomprehensiveincomelossforeigncurrencytransactionandtranslationadjustmentnetoftax": 5000000,
        "othercomprehensiveincomelosspensionandotherpostretirementbenefitplansadjustmentnetoftax": 6000000,
        "othercomprehensiveincomelossnetoftax": -6000000,
        "comprehensiveincomenetoftaxincludingportionattributabletononcontrollinginterest": 318000000,
        "comprehensiveincomenetoftaxattributabletononcontrollinginterest": 1000000,
        "comprehensiveincomenetoftax": 317000000,
        "salesrevenuenet": 2147000000,
        "costofgoodssold": 8753000000,
        "grossprofit": 1020000000,
        "sellinggeneralandadministrativeexpense": 522000000,
        "operatingincomeloss": 123000000,
        "investmentincomeinterest": 2000000,
        "interestanddebtexpense": 86000000,
        "othernonoperatingincomeexpense": 9000000,
        "nonoperatingincomeexpense": -75000000,
        "incomelossfromcontinuingoperationsbeforeincometaxesextraordinaryitemsnoncontrollinginterest": 423000000,
        "incometaxexpensebenefit": 107000000,
        "netincomelossattributabletononcontrollinginterest": 1000000,
        "netincomeloss": 315000000,
        "weightedaveragenumberofsharesoutstandingbasic": 70000000,
        "weightedaveragenumberofdilutedsharesoutstanding": 370000000,
        "earningspersharebasic": 0.78,
        "earningspersharediluted": 0.85,
        "commonstockdividendspersharedeclared": 0.27
    },
    {
        "date": "2017-12-29",
        "symbol": "TSN",
        "period": "Q1",
        "profitloss": 1632000000,
        "othercomprehensiveincomelossderivativesqualifyingashedgesnetoftax": -1000000,
        "othercomprehensiveincomelossforeigncurrencytransactionandtranslationadjustmentnetoftax": 1000000,
        "othercomprehensiveincomelosspensionandotherpostretirementbenefitplansadjustmentnetoftax": -2000000,
        "othercomprehensiveincomelossnetoftax": 2000000,
        "comprehensiveincomenetoftaxincludingportionattributabletononcontrollinginterest": 1634000000,
        "comprehensiveincomenetoftaxattributabletononcontrollinginterest": 1000000,
        "comprehensiveincomenetoftax": 1633000000,
        "salesrevenuenet": 2292000000,
        "costofgoodssold": 8778000000,
        "grossprofit": 1451000000,
        "sellinggeneralandadministrativeexpense": 524000000,
        "operatingincomeloss": 261000000,
        "investmentincomeinterest": 2000000,
        "interestanddebtexpense": 88000000,
        "othernonoperatingincomeexpense": 1000000,
        "nonoperatingincomeexpense": -85000000,
        "incomelossfromcontinuingoperationsbeforeincometaxesextraordinaryitemsnoncontrollinginterest": 842000000,
        "incometaxexpensebenefit": -790000000,
        "netincomelossattributabletononcontrollinginterest": 1000000,
        "netincomeloss": 1631000000,
        "weightedaveragenumberofsharesoutstandingbasic": 70000000,
        "weightedaveragenumberofdilutedsharesoutstanding": 371000000,
        "earningspersharebasic": 4.09,
        "earningspersharediluted": 4.4,
        "commonstockdividendspersharedeclared": 0.338
    },
    {
        "date": "2017-06-30",
        "symbol": "TSN",
        "period": "Q3",
        "profitloss": 448000000,
        "othercomprehensiveincomelossavailableforsalesecuritiesadjustmentnetoftax": -1000000,
        "othercomprehensiveincomelossforeigncurrencytransactionandtranslationadjustmentnetoftax": 3000000,
        "othercomprehensiveincomelosspensionandotherpostretirementbenefitplansadjustmentnetoftax": 3000000,
        "othercomprehensiveincomelossnetoftax": -3000000,
        "comprehensiveincomenetoftaxincludingportionattributabletononcontrollinginterest": 447000000,
        "comprehensiveincomenetoftaxattributabletononcontrollinginterest": 1000000,
        "comprehensiveincomenetoftax": 446000000,
        "salesrevenuenet": 1944000000,
        "costofgoodssold": 8648000000,
        "grossprofit": 1202000000,
        "sellinggeneralandadministrativeexpense": 505000000,
        "operatingincomeloss": 174000000,
        "investmentincomeinterest": 2000000,
        "interestanddebtexpense": 71000000,
        "othernonoperatingincomeexpense": -11000000,
        "nonoperatingincomeexpense": -80000000,
        "incomelossfromcontinuingoperationsbeforeincometaxesextraordinaryitemsnoncontrollinginterest": 617000000,
        "incometaxexpensebenefit": 169000000,
        "netincomelossattributabletononcontrollinginterest": 1000000,
        "netincomeloss": 447000000,
        "weightedaveragenumberofsharesoutstandingbasic": 70000000,
        "weightedaveragenumberofdilutedsharesoutstanding": 370000000,
        "earningspersharebasic": 1.12,
        "earningspersharediluted": 1.21,
        "commonstockdividendspersharedeclared": 0.203
    },
    {
        "date": "2017-03-31",
        "symbol": "TSN",
        "period": "Q2",
        "profitloss": 341000000,
        "othercomprehensiveincomelossderivativesqualifyingashedgesnetoftax": -3000000,
        "othercomprehensiveincomelossavailableforsalesecuritiesadjustmentnetoftax": 1000000,
        "othercomprehensiveincomelossforeigncurrencytransactionandtranslationadjustmentnetoftax": 9000000,
        "othercomprehensiveincomelosspensionandotherpostretirementbenefitplansadjustmentnetoftax": -2000000,
        "othercomprehensiveincomelossnetoftax": 2000000,
        "comprehensiveincomenetoftaxincludingportionattributabletononcontrollinginterest": 350000000,
        "comprehensiveincomenetoftaxattributabletononcontrollinginterest": 1000000,
        "comprehensiveincomenetoftax": 349000000,
        "salesrevenuenet": 1751000000,
        "costofgoodssold": 8036000000,
        "grossprofit": 1047000000,
        "sellinggeneralandadministrativeexpense": 476000000,
        "operatingincomeloss": 87000000,
        "investmentincomeinterest": 1000000,
        "interestanddebtexpense": 56000000,
        "othernonoperatingincomeexpense": 3000000,
        "nonoperatingincomeexpense": -52000000,
        "incomelossfromcontinuingoperationsbeforeincometaxesextraordinaryitemsnoncontrollinginterest": 519000000,
        "incometaxexpensebenefit": 178000000,
        "netincomelossattributabletononcontrollinginterest": 1000000,
        "netincomeloss": 340000000,
        "weightedaveragenumberofsharesoutstandingbasic": 70000000,
        "weightedaveragenumberofdilutedsharesoutstanding": 370000000,
        "earningspersharebasic": 0.86,
        "earningspersharediluted": 0.92,
        "commonstockdividendspersharedeclared": 0.203
    },
    {
        "date": "2016-12-30",
        "symbol": "TSN",
        "period": "Q1",
        "profitloss": 594000000,
        "othercomprehensiveincomelossderivativesqualifyingashedgesnetoftax": 3000000,
        "othercomprehensiveincomelossavailableforsalesecuritiesadjustmentnetoftax": -1000000,
        "othercomprehensiveincomelossforeigncurrencytransactionandtranslationadjustmentnetoftax": -14000000,
        "othercomprehensiveincomelosspensionandotherpostretirementbenefitplansadjustmentnetoftax": 3000000,
        "othercomprehensiveincomelossnetoftax": -15000000,
        "comprehensiveincomenetoftaxincludingportionattributabletononcontrollinginterest": 579000000,
        "comprehensiveincomenetoftaxattributabletononcontrollinginterest": 1000000,
        "comprehensiveincomenetoftax": 578000000,
        "salesrevenuenet": 9182000000,
        "costofgoodssold": 7699000000,
        "grossprofit": 1483000000,
        "sellinggeneralandadministrativeexpense": 501000000,
        "operatingincomeloss": 982000000,
        "investmentincomeinterest": 2000000,
        "interestanddebtexpense": 58000000,
        "othernonoperatingincomeexpense": -14000000,
        "nonoperatingincomeexpense": -70000000,
        "incomelossfromcontinuingoperationsbeforeincometaxesextraordinaryitemsnoncontrollinginterest": 912000000,
        "incometaxexpensebenefit": 318000000,
        "netincomelossattributabletononcontrollinginterest": 1000000,
        "netincomeloss": 593000000,
        "weightedaveragenumberofsharesoutstandingbasic": 70000000,
        "weightedaveragenumberofdilutedsharesoutstanding": 373000000,
        "earningspersharebasic": 1.49,
        "earningspersharediluted": 1.59,
        "commonstockdividendspersharedeclared": 0.27
    },
    {
        "date": "2016-09-30",
        "symbol": "TSN",
        "period": "Q4",
        "profitloss": 392000000,
        "othercomprehensiveincomelossforeigncurrencytransactionandtranslationadjustmentnetoftax": 1000000,
        "othercomprehensiveincomelosspensionandotherpostretirementbenefitplansadjustmentnetoftax": -47000000,
        "othercomprehensiveincomelossnetoftax": 56000000,
        "comprehensiveincomenetoftaxincludingportionattributabletononcontrollinginterest": 437000000,
        "comprehensiveincomenetoftax": 436000000,
        "salesrevenuenet": 3512000000,
        "costofgoodssold": 16010000000,
        "grossprofit": 2077000000,
        "sellinggeneralandadministrativeexpense": 903000000,
        "operatingincomeloss": 152000000,
        "investmentincomeinterest": 1000000,
        "interestanddebtexpense": 58000000,
        "othernonoperatingincomeexpense": 2000000,
        "nonoperatingincomeexpense": -441000000,
        "incomelossfromcontinuingoperationsbeforeincometaxesextraordinaryitemsnoncontrollinginterest": 733000000,
        "incometaxexpensebenefit": 341000000,
        "netincomeloss": 391000000,
        "weightedaveragenumberofsharesoutstandingbasic": -140000000,
        "weightedaveragenumberofdilutedsharesoutstanding": -791000000,
        "earningspersharebasic": 0.9600000000000002,
        "earningspersharediluted": 1.0300000000000002,
        "commonstockdividendspersharedeclared": 0.13499999999999995
    },
    {
        "date": "2016-07-01",
        "symbol": "TSN",
        "period": "Q3",
        "profitloss": 485000000,
        "othercomprehensiveincomelossderivativesqualifyingashedgesnetoftax": 2000000,
        "othercomprehensiveincomelossforeigncurrencytransactionandtranslationadjustmentnetoftax": -2000000,
        "othercomprehensiveincomelosspensionandotherpostretirementbenefitplansadjustmentnetoftax": 2000000,
        "othercomprehensiveincomelossnetoftax": -2000000,
        "comprehensiveincomenetoftaxincludingportionattributabletononcontrollinginterest": 483000000,
        "comprehensiveincomenetoftaxattributabletononcontrollinginterest": 1000000,
        "comprehensiveincomenetoftax": 482000000,
        "salesrevenuenet": 1809000000,
        "costofgoodssold": 8179000000,
        "grossprofit": 1224000000,
        "sellinggeneralandadministrativeexpense": 457000000,
        "operatingincomeloss": 197000000,
        "investmentincomeinterest": 2000000,
        "interestanddebtexpense": 60000000,
        "othernonoperatingincomeexpense": 2000000,
        "nonoperatingincomeexpense": -56000000,
        "incomelossfromcontinuingoperationsbeforeincometaxesextraordinaryitemsnoncontrollinginterest": 711000000,
        "incometaxexpensebenefit": 226000000,
        "netincomelossattributabletononcontrollinginterest": 1000000,
        "netincomeloss": 484000000,
        "weightedaveragenumberofsharesoutstandingbasic": 70000000,
        "weightedaveragenumberofdilutedsharesoutstanding": 388000000,
        "earningspersharebasic": 1.17,
        "earningspersharediluted": 1.25,
        "commonstockdividendspersharedeclared": 0.135
    },
    {
        "date": "2016-04-01",
        "symbol": "TSN",
        "period": "Q2",
        "profitloss": 434000000,
        "othercomprehensiveincomelossavailableforsalesecuritiesadjustmentnetoftax": 1000000,
        "othercomprehensiveincomelossforeigncurrencytransactionandtranslationadjustmentnetoftax": 10000000,
        "othercomprehensiveincomelosspensionandotherpostretirementbenefitplansadjustmentnetoftax": 1000000,
        "othercomprehensiveincomelossnetoftax": -1000000,
        "comprehensiveincomenetoftaxincludingportionattributabletononcontrollinginterest": 444000000,
        "comprehensiveincomenetoftaxattributabletononcontrollinginterest": 2000000,
        "comprehensiveincomenetoftax": 442000000,
        "salesrevenuenet": 1804000000,
        "costofgoodssold": 7987000000,
        "grossprofit": 1183000000,
        "sellinggeneralandadministrativeexpense": 479000000,
        "operatingincomeloss": 197000000,
        "investmentincomeinterest": 1000000,
        "interestanddebtexpense": 64000000,
        "othernonoperatingincomeexpense": 3000000,
        "nonoperatingincomeexpense": -60000000,
        "incomelossfromcontinuingoperationsbeforeincometaxesextraordinaryitemsnoncontrollinginterest": 644000000,
        "incometaxexpensebenefit": 210000000,
        "netincomelossattributabletononcontrollinginterest": 2000000,
        "netincomeloss": 432000000,
        "weightedaveragenumberofsharesoutstandingbasic": 70000000,
        "weightedaveragenumberofdilutedsharesoutstanding": 393000000,
        "earningspersharebasic": 1.02,
        "earningspersharediluted": 1.1,
        "commonstockdividendspersharedeclared": 0.135
    },
    {
        "date": "2016-01-01",
        "symbol": "TSN",
        "period": "Q1",
        "profitloss": 461000000,
        "othercomprehensiveincomelossavailableforsalesecuritiesadjustmentnetoftax": -1000000,
        "othercomprehensiveincomelossforeigncurrencytransactionandtranslationadjustmentnetoftax": -5000000,
        "othercomprehensiveincomelosspensionandotherpostretirementbenefitplansadjustmentnetoftax": 2000000,
        "othercomprehensiveincomelossnetoftax": -8000000,
        "comprehensiveincomenetoftaxincludingportionattributabletononcontrollinginterest": 453000000,
        "comprehensiveincomenetoftax": 453000000,
        "salesrevenuenet": 221000000,
        "costofgoodssold": 8000000,
        "grossprofit": 213000000,
        "sellinggeneralandadministrativeexpense": 25000000,
        "operatingincomeloss": 188000000,
        "investmentincomeinterest": 2000000,
        "interestanddebtexpense": 67000000,
        "othernonoperatingincomeexpense": 1000000,
        "nonoperatingincomeexpense": 322000000,
        "incomelossfromcontinuingoperationsbeforeincometaxesextraordinaryitemsnoncontrollinginterest": 510000000,
        "incometaxexpensebenefit": 49000000,
        "netincomeloss": 461000000,
        "weightedaveragenumberofsharesoutstandingbasic": 70000000,
        "weightedaveragenumberofdilutedsharesoutstanding": 400000000,
        "earningspersharebasic": 1.09,
        "earningspersharediluted": 1.15,
        "commonstockdividendspersharedeclared": 0.18
    },
    {
        "date": "2015-06-26",
        "symbol": "TSN",
        "period": "Q3",
        "profitloss": 342000000,
        "othercomprehensiveincomelossderivativesqualifyingashedgesnetoftax": 1000000,
        "othercomprehensiveincomelossavailableforsalesecuritiesadjustmentnetoftax": -12000000,
        "othercomprehensiveincomelossforeigncurrencytransactionandtranslationadjustmentnetoftax": 2000000,
        "othercomprehensiveincomelossnetoftax": 8000000,
        "comprehensiveincomenetoftaxincludingportionattributabletononcontrollinginterest": 334000000,
        "comprehensiveincomenetoftaxattributabletononcontrollinginterest": 1000000,
        "comprehensiveincomenetoftax": 335000000,
        "salesrevenuenet": -6874000000,
        "costofgoodssold": -9835000000,
        "grossprofit": -558000000,
        "sellinggeneralandadministrativeexpense": -382000000,
        "operatingincomeloss": -231000000,
        "investmentincomeinterest": 3000000,
        "interestanddebtexpense": 73000000,
        "othernonoperatingincomeexpense": 22000000,
        "nonoperatingincomeexpense": 460000000,
        "incomelossfromcontinuingoperationsbeforeincometaxesextraordinaryitemsnoncontrollinginterest": 284000000,
        "incometaxexpensebenefit": -58000000,
        "netincomelossattributabletononcontrollinginterest": 1000000,
        "netincomeloss": 343000000,
        "weightedaveragenumberofsharesoutstandingbasic": -70000000,
        "weightedaveragenumberofdilutedsharesoutstanding": -417000000,
        "earningspersharebasic": 0.7800000000000002,
        "earningspersharediluted": 0.8299999999999998,
        "commonstockdividendspersharedeclared": 0.08999999999999998
    },
    {
        "date": "2015-03-27",
        "symbol": "TSN",
        "period": "Q2",
        "profitloss": 310000000,
        "othercomprehensiveincomelossderivativesqualifyingashedgesnetoftax": -1000000,
        "othercomprehensiveincomelossavailableforsalesecuritiesadjustmentnetoftax": 2000000,
        "othercomprehensiveincomelossforeigncurrencytransactionandtranslationadjustmentnetoftax": -25000000,
        "othercomprehensiveincomelossnetoftax": -24000000,
        "comprehensiveincomenetoftaxincludingportionattributabletononcontrollinginterest": 288000000,
        "comprehensiveincomenetoftaxattributabletononcontrollinginterest": 1000000,
        "comprehensiveincomenetoftax": 288000000,
        "salesrevenuenet": 1871000000,
        "costofgoodssold": 17000000,
        "grossprofit": 204000000,
        "sellinggeneralandadministrativeexpense": 32000000,
        "operatingincomeloss": 160000000,
        "investmentincomeinterest": 1000000,
        "interestanddebtexpense": 71000000,
        "othernonoperatingincomeexpense": 1000000,
        "nonoperatingincomeexpense": 184000000,
        "incomelossfromcontinuingoperationsbeforeincometaxesextraordinaryitemsnoncontrollinginterest": 356000000,
        "incometaxexpensebenefit": 46000000,
        "netincomelossattributabletononcontrollinginterest": 1000000,
        "netincomeloss": 310000000,
        "weightedaveragenumberofsharesoutstandingbasic": 70000000,
        "weightedaveragenumberofdilutedsharesoutstanding": 415000000,
        "earningspersharebasic": 0.71,
        "earningspersharediluted": 0.75,
        "commonstockdividendspersharedeclared": 0.09
    },
    {
        "date": "2014-12-26",
        "symbol": "TSN",
        "period": "Q1",
        "profitloss": 310000000,
        "othercomprehensiveincomelossderivativesqualifyingashedgesnetoftax": 1000000,
        "othercomprehensiveincomelossavailableforsalesecuritiesadjustmentnetoftax": 9000000,
        "othercomprehensiveincomelossforeigncurrencytransactionandtranslationadjustmentnetoftax": 6000000,
        "othercomprehensiveincomelosspensionandotherpostretirementbenefitplansadjustmentnetoftax": -7000000,
        "othercomprehensiveincomelossnetoftax": 23000000,
        "comprehensiveincomenetoftaxincludingportionattributabletononcontrollinginterest": 333000000,
        "comprehensiveincomenetoftaxattributabletononcontrollinginterest": 1000000,
        "comprehensiveincomenetoftax": 332000000,
        "salesrevenuenet": 10817000000,
        "costofgoodssold": 9861000000,
        "grossprofit": 956000000,
        "sellinggeneralandadministrativeexpense": 447000000,
        "operatingincomeloss": 509000000,
        "investmentincomeinterest": 2000000,
        "interestanddebtexpense": 77000000,
        "othernonoperatingincomeexpense": 1000000,
        "nonoperatingincomeexpense": -74000000,
        "incomelossfromcontinuingoperationsbeforeincometaxesextraordinaryitemsnoncontrollinginterest": 435000000,
        "incometaxexpensebenefit": 125000000,
        "netincomelossattributabletononcontrollinginterest": 1000000,
        "netincomeloss": 309000000,
        "weightedaveragenumberofsharesoutstandingbasic": 70000000,
        "weightedaveragenumberofdilutedsharesoutstanding": 416000000,
        "earningspersharebasic": 0.71,
        "earningspersharediluted": 0.74,
        "commonstockdividendspersharedeclared": 0.113
    },
    {
        "date": "2014-06-27",
        "symbol": "TSN",
        "period": "Q3",
        "profitloss": 148000000,
        "othercomprehensiveincomelossforeigncurrencytransactionandtranslationadjustmentnetoftax": 12000000,
        "comprehensiveincomenetoftaxincludingportionattributabletononcontrollinginterest": 156000000,
        "comprehensiveincomenetoftaxattributabletononcontrollinginterest": -2000000,
        "comprehensiveincomenetoftax": 265000000,
        "salesrevenuenet": 4234000000,
        "costofgoodssold": 3945000000,
        "grossprofit": 248000000,
        "sellinggeneralandadministrativeexpense": 16000000,
        "operatingincomeloss": 193000000,
        "investmentincomeinterest": 1000000,
        "interestanddebtexpense": 25000000,
        "othernonoperatingincomeexpense": -30000000,
        "incomelossfromcontinuingoperationsbeforeincometaxesextraordinaryitemsnoncontrollinginterest": -247000000,
        "incometaxexpensebenefit": 8000000,
        "incomelossfromcontinuingoperationsincludingportionattributabletononcontrollinginterest": -247000000,
        "netincomelossattributabletononcontrollinginterest": -2000000,
        "netincomeloss": 148000000,
        "incomelossfromcontinuingoperations": 260000000,
        "weightedaveragenumberofsharesoutstandingbasic": 3000000,
        "weightedaveragenumberofdilutedsharesoutstanding": 0,
        "incomelossfromcontinuingoperationsperbasicshare": 0.8899999999999999,
        "incomelossfromcontinuingoperationsperdilutedshare": 0.7299999999999998,
        "earningspersharebasic": 0.6799999999999999,
        "earningspersharediluted": 0.7299999999999998,
        "commonstockdividendspersharedeclared": 0.068
    },
    {
        "date": "2014-03-28",
        "symbol": "TSN",
        "period": "Q2",
        "profitloss": 86000000,
        "othercomprehensiveincomelossderivativesqualifyingashedgesnetoftax": 7000000,
        "othercomprehensiveincomelossavailableforsalesecuritiesadjustmentnetoftax": 0,
        "othercomprehensiveincomelossforeigncurrencytransactionandtranslationadjustmentnetoftax": 6000000,
        "othercomprehensiveincomelosspensionandotherpostretirementbenefitplansadjustmentnetoftax": 0,
        "othercomprehensiveincomelossnetoftax": 0,
        "comprehensiveincomenetoftaxincludingportionattributabletononcontrollinginterest": 90000000,
        "comprehensiveincomenetoftaxattributabletononcontrollinginterest": -3000000,
        "comprehensiveincomenetoftax": 365000000,
        "salesrevenuenet": 4159000000,
        "costofgoodssold": 7524000000,
        "grossprofit": 215000000,
        "sellinggeneralandadministrativeexpense": -4000000,
        "operatingincomeloss": 158000000,
        "investmentincomeinterest": 3000000,
        "interestanddebtexpense": 25000000,
        "othernonoperatingincomeexpense": -1000000,
        "nonoperatingincomeexpense": 0,
        "incomelossfromcontinuingoperationsbeforeincometaxesextraordinaryitemsnoncontrollinginterest": -429000000,
        "incometaxexpensebenefit": 30000000,
        "incomelossfromcontinuingoperationsincludingportionattributabletononcontrollinginterest": -134000000,
        "netincomelossattributabletononcontrollinginterest": -3000000,
        "netincomeloss": 86000000,
        "incomelossfromcontinuingoperations": 213000000,
        "weightedaveragenumberofsharesoutstandingbasic": 1000000,
        "weightedaveragenumberofdilutedsharesoutstanding": 1000000,
        "incomelossfromcontinuingoperationsperbasicshare": 0.5,
        "incomelossfromcontinuingoperationsperdilutedshare": 0.6000000000000001,
        "earningspersharebasic": 0.5,
        "earningspersharediluted": 0.6000000000000001,
        "commonstockdividendspersharedeclared": 0.068
    },
    {
        "date": "2013-12-27",
        "symbol": "TSN",
        "period": "Q1",
        "profitloss": 107000000,
        "othercomprehensiveincomelossderivativesqualifyingashedgesnetoftax": -2000000,
        "othercomprehensiveincomelossavailableforsalesecuritiesadjustmentnetoftax": 3000000,
        "othercomprehensiveincomelossforeigncurrencytransactionandtranslationadjustmentnetoftax": -11000000,
        "othercomprehensiveincomelosspensionandotherpostretirementbenefitplansadjustmentnetoftax": -2000000,
        "othercomprehensiveincomelossnetoftax": 2000000,
        "comprehensiveincomenetoftaxincludingportionattributabletononcontrollinginterest": 102000000,
        "comprehensiveincomenetoftaxattributabletononcontrollinginterest": -2000000,
        "comprehensiveincomenetoftax": 102000000,
        "salesrevenuenet": 3987000000,
        "costofgoodssold": 17000000,
        "grossprofit": 222000000,
        "sellinggeneralandadministrativeexpense": 55000000,
        "operatingincomeloss": 167000000,
        "investmentincomeinterest": 2000000,
        "interestanddebtexpense": 28000000,
        "othernonoperatingincomeexpense": 2000000,
        "nonoperatingincomeexpense": -4000000,
        "incomelossfromcontinuingoperationsbeforeincometaxesextraordinaryitemsnoncontrollinginterest": 114000000,
        "incometaxexpensebenefit": 52000000,
        "incomelossfromcontinuingoperationsincludingportionattributabletononcontrollinginterest": -181000000,
        "netincomelossattributabletononcontrollinginterest": -2000000,
        "netincomeloss": 107000000,
        "incomelossfromcontinuingoperations": 254000000,
        "weightedaveragenumberofsharesoutstandingbasic": 271000000,
        "weightedaveragenumberofdilutedsharesoutstanding": 354000000,
        "incomelossfromcontinuingoperationsperbasicshare": 0.76,
        "incomelossfromcontinuingoperationsperdilutedshare": 0.72,
        "earningspersharebasic": 0.76,
        "earningspersharediluted": 0.72,
        "commonstockdividendspersharedeclared": 0.09
    },
    {
        "date": "2013-09-27",
        "symbol": "TSN",
        "period": "Q4",
        "profitloss": 427000000,
        "comprehensiveincomenetoftaxincludingportionattributabletononcontrollinginterest": 582000000,
        "comprehensiveincomenetoftax": 294000000,
        "salesrevenuenet": 9799000000,
        "costofgoodssold": 10136000000,
        "grossprofit": 567000000,
        "sellinggeneralandadministrativeexpense": -16000000,
        "operatingincomeloss": 77000000,
        "investmentincomeinterest": 2000000,
        "interestanddebtexpense": 36000000,
        "nonoperatingincomeexpense": 453000000,
        "incomelossfromcontinuingoperationsbeforeincometaxesextraordinaryitemsnoncontrollinginterest": -1092000000,
        "incometaxexpensebenefit": 79000000,
        "netincomeloss": 397000000,
        "weightedaveragenumberofsharesoutstandingbasic": -355000000,
        "weightedaveragenumberofdilutedsharesoutstanding": -730000000,
        "earningspersharebasic": 0.7699999999999998,
        "earningspersharediluted": 0.7,
        "commonstockdividendspersharedeclared": 0.04000000000000006
    },
    {
        "date": "2013-06-28",
        "symbol": "TSN",
        "period": "Q3",
        "profitloss": 249000000,
        "othercomprehensiveincomelossderivativesqualifyingashedgesnetoftax": 2000000,
        "othercomprehensiveincomelossavailableforsalesecuritiesadjustmentnetoftax": 1000000,
        "othercomprehensiveincomelossforeigncurrencytransactionandtranslationadjustmentnetoftax": -33000000,
        "othercomprehensiveincomelosspensionandotherpostretirementbenefitplansadjustmentnetoftax": -1000000,
        "othercomprehensiveincomelossnetoftax": 1000000,
        "comprehensiveincomenetoftaxincludingportionattributabletononcontrollinginterest": 49000000,
        "comprehensiveincomenetoftaxattributabletononcontrollinginterest": -4000000,
        "comprehensiveincomenetoftax": 53000000,
        "salesrevenuenet": 142000000,
        "costofgoodssold": 4679000000,
        "grossprofit": 319000000,
        "sellinggeneralandadministrativeexpense": 19000000,
        "operatingincomeloss": 129000000,
        "investmentincomeinterest": 2000000,
        "interestanddebtexpense": 36000000,
        "othernonoperatingincomeexpense": -1000000,
        "nonoperatingincomeexpense": -11000000,
        "incomelossfromcontinuingoperationsbeforeincometaxesextraordinaryitemsnoncontrollinginterest": 287000000,
        "incometaxexpensebenefit": 56000000,
        "incomelossfromcontinuingoperationsincludingportionattributabletononcontrollinginterest": 76000000,
        "incomelossfromdiscontinuedoperationsnetoftax": -4000000,
        "netincomelossattributabletononcontrollinginterest": -4000000,
        "netincomeloss": 249000000,
        "incomelossfromcontinuingoperations": 253000000,
        "incomelossfromdiscontinuedoperationsnetoftaxattributabletoreportingentity": -4000000,
        "weightedaveragenumberofsharesoutstandingbasic": 70000000,
        "weightedaveragenumberofdilutedsharesoutstanding": 369000000,
        "incomelossfromcontinuingoperationsperbasicshare": 0.73,
        "incomelossfromcontinuingoperationsperdilutedshare": 0.69,
        "incomelossfromdiscontinuedoperationsnetoftaxperbasicshare": -0.01,
        "incomelossfromdiscontinuedoperationsnetoftaxperdilutedshare": -0.01,
        "earningspersharebasic": 0.72,
        "earningspersharediluted": 0.68,
        "commonstockdividendspersharedeclared": 0.045
    },
    {
        "date": "2013-03-29",
        "symbol": "TSN",
        "period": "Q2",
        "profitloss": 51000000,
        "othercomprehensiveincomelossderivativesqualifyingashedgesnetoftax": -5000000,
        "othercomprehensiveincomelossavailableforsalesecuritiesadjustmentnetoftax": -1000000,
        "othercomprehensiveincomelossforeigncurrencytransactionandtranslationadjustmentnetoftax": -15000000,
        "othercomprehensiveincomelosspensionandotherpostretirementbenefitplansadjustmentnetoftax": -2000000,
        "othercomprehensiveincomelossnetoftax": 2000000,
        "comprehensiveincomenetoftaxincludingportionattributabletononcontrollinginterest": -19000000,
        "comprehensiveincomenetoftaxattributabletononcontrollinginterest": 11000000,
        "comprehensiveincomenetoftax": -22000000,
        "salesrevenuenet": 4552000000,
        "costofgoodssold": 11000000,
        "grossprofit": 90000000,
        "sellinggeneralandadministrativeexpense": 45000000,
        "operatingincomeloss": 78000000,
        "investmentincomeinterest": 2000000,
        "interestanddebtexpense": 36000000,
        "othernonoperatingincomeexpense": 23000000,
        "nonoperatingincomeexpense": -41000000,
        "incomelossfromcontinuingoperationsbeforeincometaxesextraordinaryitemsnoncontrollinginterest": 3000000,
        "incometaxexpensebenefit": 30000000,
        "netincomelossattributabletononcontrollinginterest": 11000000,
        "netincomeloss": -41000000,
        "weightedaveragenumberofsharesoutstandingbasic": 70000000,
        "weightedaveragenumberofdilutedsharesoutstanding": 366000000,
        "earningspersharebasic": 0.27,
        "earningspersharediluted": 0.26,
        "commonstockdividendspersharedeclared": 0.05
    },
    {
        "date": "2012-12-28",
        "symbol": "TSN",
        "period": "Q1",
        "profitloss": 51000000,
        "othercomprehensiveincomederivativesqualifyingashedgesnetoftaxperiodincreasedecrease": -9000000,
        "othercomprehensiveincomeunrealizedholdinggainlossonsecuritiesarisingduringperiodnetoftax": -2000000,
        "othercomprehensiveincomeforeigncurrencytransactionandtranslationadjustmentnetoftaxperiodincreasedecrease": -1000000,
        "othercomprehensiveincomefinalizationofpensionandnonpensionpostretirementplanvaluationnetoftax": -1000000,
        "othercomprehensiveincomelossnetoftaxperiodincreasedecrease": -11000000,
        "comprehensiveincomenetoftaxincludingportionattributabletononcontrollinginterest": 121000000,
        "comprehensiveincomenetoftaxattributabletononcontrollinginterest": -5000000,
        "comprehensiveincomenetoftax": 55000000,
        "salesrevenuenet": 4750000000,
        "costofgoodssold": 3638000000,
        "grossprofit": 212000000,
        "sellinggeneralandadministrativeexpense": 20000000,
        "operatingincomeloss": 39000000,
        "investmentincomeinterest": 1000000,
        "interestanddebtexpense": 37000000,
        "nonoperatingincomeexpense": 141000000,
        "incomelossfromcontinuingoperationsbeforeincometaxesextraordinaryitemsnoncontrollinginterest": 180000000,
        "incometaxexpensebenefit": 7000000,
        "netincomelossattributabletononcontrollinginterest": -5000000,
        "netincomeloss": 173000000,
        "weightedaveragenumberofsharesoutstandingbasic": 285000000,
        "weightedaveragenumberofdilutedsharesoutstanding": 362000000,
        "earningspersharebasic": 0.5,
        "earningspersharediluted": 0.48,
        "commonstockdividendspersharedeclared": 0.144
    },
    {
        "date": "2012-09-28",
        "symbol": "TSN",
        "period": "Q4",
        "salesrevenuenet": -17265000000,
        "costofgoodssold": 13896000000,
        "grossprofit": 499000000,
        "sellinggeneralandadministrativeexpense": -454000000,
        "operatingincomeloss": 196000000,
        "investmentincomeinterest": 3000000,
        "interestanddebtexpense": 40000000,
        "othernonoperatingincomeexpense": 20000000,
        "nonoperatingincomeexpense": -182000000,
        "incometaxexpensebenefit": 12000000,
        "profitloss": -564000000,
        "netincomeloss": 212000000,
        "weightedaveragenumberofsharesoutstandingbasic": 83000000,
        "weightedaveragenumberofdilutedsharesoutstanding": -748000000,
        "earningspersharebasic": 0.4800000000000001,
        "earningspersharediluted": 0.5100000000000002
    },
    {
        "date": "2012-06-29",
        "symbol": "TSN",
        "period": "Q3",
        "salesrevenuenet": 7903000000,
        "costofgoodssold": -222000000,
        "grossprofit": 10000000,
        "sellinggeneralandadministrativeexpense": 193000000,
        "operatingincomeloss": 106000000,
        "investmentincomeinterest": 2000000,
        "interestanddebtexpense": 215000000,
        "othernonoperatingincomeexpense": 3000000,
        "nonoperatingincomeexpense": -17000000,
        "incomelossfromcontinuingoperationsbeforeincometaxesminorityinterestandincomelossfromequitymethodinvestments": -6000000,
        "incometaxexpensebenefit": 23000000,
        "profitloss": -14000000,
        "netincomelossattributabletononcontrollinginterest": -3000000,
        "netincomeloss": -11000000,
        "weightedaveragenumberofsharesoutstandingbasic": 70000000,
        "weightedaveragenumberofdilutedsharesoutstanding": 369000000,
        "earningspersharebasic": 0.19,
        "earningspersharediluted": 0.21,
        "commonstockdividendspersharedeclared": 0.04
    },
    {
        "date": "2012-03-30",
        "symbol": "TSN",
        "period": "Q2",
        "salesrevenuenet": 7855000000,
        "costofgoodssold": -228000000,
        "grossprofit": 36000000,
        "sellinggeneralandadministrativeexpense": 210000000,
        "operatingincomeloss": 111000000,
        "investmentincomeinterest": 5000000,
        "interestanddebtexpense": 52000000,
        "othernonoperatingincomeexpense": 2000000,
        "nonoperatingincomeexpense": 106000000,
        "incomelossfromcontinuingoperationsbeforeincometaxesminorityinterestandincomelossfromequitymethodinvestments": 86000000,
        "incometaxexpensebenefit": 55000000,
        "profitloss": 5000000,
        "netincomeloss": 5000000,
        "weightedaveragenumberofsharesoutstandingbasic": 70000000,
        "weightedaveragenumberofdilutedsharesoutstanding": 373000000,
        "earningspersharebasic": 0.42,
        "earningspersharediluted": 0.44,
        "commonstockdividendspersharedeclared": 0.04
    },
    {
        "date": "2011-12-30",
        "symbol": "TSN",
        "period": "Q1",
        "salesrevenuenet": 226000000,
        "costofgoodssold": 4642000000,
        "grossprofit": 199000000,
        "sellinggeneralandadministrativeexpense": 50000000,
        "operatingincomeloss": -1000000,
        "investmentincomeinterest": 2000000,
        "interestanddebtexpense": 49000000,
        "othernonoperatingincomeexpense": -1000000,
        "nonoperatingincomeexpense": -35000000,
        "incomelossfromcontinuingoperationsbeforeincometaxesminorityinterestandincomelossfromequitymethodinvestments": 143000000,
        "incometaxexpensebenefit": 40000000,
        "profitloss": 103000000,
        "netincomeloss": 103000000,
        "weightedaveragenumberofsharesoutstandingbasic": 70000000,
        "weightedaveragenumberofdilutedsharesoutstanding": 376000000,
        "earningspersharebasic": 0.39,
        "earningspersharediluted": 0.42,
        "commonstockdividendspersharedeclared": 0.036
    },
    {
        "date": "2011-07-01",
        "symbol": "TSN",
        "period": "Q3",
        "salesrevenuenet": 203000000,
        "costofgoodssold": 4520000000,
        "grossprofit": 297000000,
        "sellinggeneralandadministrativeexpense": 52000000,
        "operatingincomeloss": -10000000,
        "investmentincomeinterest": 2000000,
        "interestanddebtexpense": 58000000,
        "othernonoperatingincomeexpense": -1000000,
        "nonoperatingincomeexpense": -7000000,
        "incomelossfromcontinuingoperationsbeforeincometaxesminorityinterestandincomelossfromequitymethodinvestments": 238000000,
        "incometaxexpensebenefit": 66000000,
        "profitloss": 172000000,
        "netincomelossattributabletononcontrollinginterest": -8000000,
        "netincomeloss": 172000000,
        "weightedaveragenumberofsharesoutstandingbasic": 70000000,
        "weightedaveragenumberofdilutedsharesoutstanding": 383000000,
        "earningspersharebasic": 0.48,
        "earningspersharediluted": 0.51,
        "commonstockdividendspersharedeclared": 0.036
    },
    {
        "date": "2011-04-01",
        "symbol": "TSN",
        "period": "Q2",
        "salesrevenuenet": 208000000,
        "costofgoodssold": 4327000000,
        "grossprofit": 282000000,
        "sellinggeneralandadministrativeexpense": 51000000,
        "operatingincomeloss": -5000000,
        "investmentincomeinterest": 3000000,
        "interestanddebtexpense": 63000000,
        "othernonoperatingincomeexpense": -4000000,
        "nonoperatingincomeexpense": 6000000,
        "incomelossfromcontinuingoperationsbeforeincometaxesminorityinterestandincomelossfromequitymethodinvestments": 237000000,
        "incometaxexpensebenefit": 72000000,
        "profitloss": 165000000,
        "netincomelossattributabletononcontrollinginterest": -3000000,
        "netincomeloss": 165000000,
        "weightedaveragenumberofsharesoutstandingbasic": 70000000,
        "weightedaveragenumberofdilutedsharesoutstanding": 383000000,
        "earningspersharebasic": 0.39,
        "earningspersharediluted": 0.42,
        "commonstockdividendspersharedeclared": 0.036
    },
    {
        "date": "2010-12-31",
        "symbol": "TSN",
        "period": "Q1",
        "salesrevenuenet": 191000000,
        "costofgoodssold": 4000000000,
        "grossprofit": 333000000,
        "sellinggeneralandadministrativeexpense": 56000000,
        "operatingincomeloss": -4000000,
        "investmentincomeinterest": 3000000,
        "interestanddebtexpense": 66000000,
        "othernonoperatingincomeexpense": 12000000,
        "nonoperatingincomeexpense": -53000000,
        "incomelossfromcontinuingoperationsbeforeincometaxesminorityinterestandincomelossfromequitymethodinvestments": 239000000,
        "incometaxexpensebenefit": 74000000,
        "profitloss": 165000000,
        "netincomelossattributabletononcontrollinginterest": -4000000,
        "netincomeloss": 165000000,
        "weightedaveragenumberofsharesoutstandingbasic": 70000000,
        "weightedaveragenumberofdilutedsharesoutstanding": 379000000,
        "earningspersharebasic": 0.73,
        "earningspersharediluted": 0.78,
        "commonstockdividendspersharedeclared": 0.036
    },
    {
        "date": "2010-07-02",
        "symbol": "TSN",
        "period": "Q3",
        "salesrevenuenet": 7438000000,
        "costofgoodssold": 6686000000,
        "grossprofit": 752000000,
        "sellinggeneralandadministrativeexpense": 245000000,
        "operatingincomeloss": 507000000,
        "investmentincomeinterest": 4000000,
        "interestanddebtexpense": 102000000,
        "othernonoperatingincomeexpense": -14000000,
        "nonoperatingincomeexpense": -112000000,
        "incomelossfromcontinuingoperationsbeforeincometaxesminorityinterestandincomelossfromequitymethodinvestments": 395000000,
        "incometaxexpensebenefit": 153000000,
        "incomelossfromcontinuingoperationsincludingportionattributabletononcontrollinginterest": 242000000,
        "profitloss": 242000000,
        "netincomelossattributabletononcontrollinginterest": 6000000,
        "netincomeloss": 248000000,
        "weightedaveragenumberofsharesoutstandingbasic": 70000000,
        "weightedaveragenumberofdilutedsharesoutstanding": 382000000,
        "incomelossfromcontinuingoperationsperbasicshare": 0.61,
        "incomelossfromcontinuingoperationsperdilutedshare": 0.65,
        "earningspersharebasic": 0.61,
        "earningspersharediluted": 0.65,
        "commonstockdividendspersharedeclared": 0.036
    }
]