[
    {
        "date": "2024-09-29",
        "symbol": "WRB",
        "period": "Q3",
        "premiumswrittennet": 3057276000,
        "increasedecreaseinunearnedpremiumsnet": -130453000,
        "premiumsearnednet": 2926823000,
        "netinvestmentincome": 323756000,
        "marketablesecuritiesrealizedgainlossexcludingotherthantemporaryimpairments": 8713000,
        "investmentsallowanceforcreditlossperiodincreasedecrease": 15276000,
        "gainlossoninvestments": -8086000,
        "revenuesfromwhollyownedinvestees": 128610000,
        "insurancecommissionsandfees": 28666000,
        "otherincome": 610000,
        "revenues": 125000000,
        "policyholderbenefitsandclaimsincurrednet": 1825960000,
        "othercostandexpenseoperating": 943365000,
        "expensesfromwhollyownedinvestees": 124885000,
        "interestexpense": 31720000,
        "operatingcostsandexpenses": 2925930000,
        "incomelossfromcontinuingoperationsbeforeincometaxesextraordinaryitemsnoncontrollinginterest": 8713000,
        "incometaxexpensebenefit": 1830000,
        "profitloss": 6883000,
        "netincomelossattributabletononcontrollinginterest": -320000,
        "netincomeloss": 365634000,
        "earningspersharebasic": 0.92,
        "earningspersharediluted": 0.91,
        "othercomprehensiveincomelossforeigncurrencytransactionandtranslationadjustmentnetoftax": 49503000,
        "othercomprehensiveincomeunrealizedholdinggainlossonsecuritiesarisingduringperiodnetoftax": 369827000,
        "othercomprehensiveincomelossnetoftax": 430496000,
        "comprehensiveincomenetoftaxincludingportionattributabletononcontrollinginterest": 795810000,
        "comprehensiveincomenetoftaxattributabletononcontrollinginterest": -320000,
        "comprehensiveincomenetoftax": 796130000
    },
    {
        "date": "2024-03-30",
        "symbol": "WRB",
        "period": "Q1",
        "premiumswrittennet": 2851291000,
        "increasedecreaseinunearnedpremiumsnet": -86944000,
        "premiumsearnednet": 2764347000,
        "netinvestmentincome": 319839000,
        "marketablesecuritiesrealizedgainlossexcludingotherthantemporaryimpairments": 11503000,
        "investmentsallowanceforcreditlossperiodincreasedecrease": 14277000,
        "marketablesecuritiesgainloss": 25780000,
        "revenuesfromwhollyownedinvestees": 120992000,
        "insurancecommissionsandfees": 25319000,
        "otherincome": 496000,
        "revenues": 3256773000,
        "policyholderbenefitsandclaimsincurrednet": 1663778000,
        "othercostandexpenseoperating": 868589000,
        "expensesfromwhollyownedinvestees": 118607000,
        "interestexpense": 31728000,
        "operatingcostsandexpenses": 2682702000,
        "incomelossfromcontinuingoperationsbeforeincometaxesextraordinaryitemsnoncontrollinginterest": 574071000,
        "incometaxexpensebenefit": 132036000,
        "profitloss": 442035000,
        "netincomelossattributabletononcontrollinginterest": -436000,
        "netincomeloss": 442471000,
        "earningspersharebasic": 1.65,
        "earningspersharediluted": 1.64,
        "othercomprehensiveincomelossforeigncurrencytransactionandtranslationadjustmentnetoftax": -27570000,
        "othercomprehensiveincomeunrealizedholdinggainlossonsecuritiesarisingduringperiodnetoftax": -70122000,
        "othercomprehensiveincomelossnetoftax": -97692000,
        "comprehensiveincomenetoftaxincludingportionattributabletononcontrollinginterest": 344343000,
        "comprehensiveincomenetoftaxattributabletononcontrollinginterest": -436000,
        "comprehensiveincomenetoftax": 344779000
    },
    {
        "date": "2023-09-29",
        "symbol": "WRB",
        "period": "Q3",
        "premiumswrittennet": 2848459000,
        "increasedecreaseinunearnedpremiumsnet": -206545000,
        "premiumsearnednet": 2641914000,
        "netinvestmentincome": 270944000,
        "marketablesecuritiesrealizedgainlossexcludingotherthantemporaryimpairments": -40855000,
        "investmentsallowanceforcreditlossperiodincreasedecrease": -1571000,
        "marketablesecuritiesgainloss": -42426000,
        "revenuesfromwhollyownedinvestees": 137116000,
        "insurancecommissionsandfees": 22962000,
        "otherincome": 128000,
        "revenues": 3030638000,
        "policyholderbenefitsandclaimsincurrednet": 1636193000,
        "othercostandexpenseoperating": 808669000,
        "expensesfromwhollyownedinvestees": 133939000,
        "interestexpense": 31888000,
        "operatingcostsandexpenses": 2610689000,
        "incomelossfromcontinuingoperationsbeforeincometaxesextraordinaryitemsnoncontrollinginterest": 419949000,
        "incometaxexpensebenefit": 86519000,
        "profitloss": 333430000,
        "netincomelossattributabletononcontrollinginterest": -156000,
        "netincomeloss": 333586000,
        "earningspersharebasic": 1.24,
        "earningspersharediluted": 1.23,
        "othercomprehensiveincomelossforeigncurrencytransactionandtranslationadjustmentnetoftax": -22781000,
        "othercomprehensiveincomeunrealizedholdinggainlossonsecuritiesarisingduringperiodnetoftax": -118365000,
        "othercomprehensiveincomelossnetoftax": -141146000,
        "comprehensiveincomenetoftaxincludingportionattributabletononcontrollinginterest": 192284000,
        "comprehensiveincomenetoftaxattributabletononcontrollinginterest": -156000,
        "comprehensiveincomenetoftax": 192440000
    },
    {
        "date": "2022-09-29",
        "symbol": "WRB",
        "period": "Q3",
        "premiumswrittennet": 2577274000,
        "increasedecreaseinunearnedpremiumsnet": -135313000,
        "premiumsearnednet": 2441961000,
        "netinvestmentincome": 202816000,
        "marketablesecuritiesrealizedgainlossexcludingotherthantemporaryimpairments": -66282000,
        "investmentsallowanceforcreditlossperiodincreasedecrease": -1128000,
        "marketablesecuritiesgainloss": -67410000,
        "revenuesfromwhollyownedinvestees": 119013000,
        "insurancecommissionsandfees": 27940000,
        "otherincome": 80000,
        "revenues": 2724400000,
        "policyholderbenefitsandclaimsincurrednet": 1564578000,
        "othercostandexpenseoperating": 725537000,
        "expensesfromwhollyownedinvestees": 116240000,
        "interestexpense": 31780000,
        "operatingcostsandexpenses": 2438135000,
        "incomelossfromcontinuingoperationsbeforeincometaxesextraordinaryitemsnoncontrollinginterest": 286265000,
        "incometaxexpensebenefit": 55791000,
        "profitloss": 230474000,
        "netincomelossattributabletononcontrollinginterest": 1595000,
        "netincomeloss": 228879000,
        "earningspersharebasic": 0.83,
        "earningspersharediluted": 0.82,
        "othercomprehensiveincomelossforeigncurrencytransactionandtranslationadjustmentnetoftax": -40516000,
        "othercomprehensiveincomeunrealizedholdinggainlossonsecuritiesarisingduringperiodnetoftax": -315664000,
        "othercomprehensiveincomelossnetoftax": -356180000,
        "comprehensiveincomenetoftaxincludingportionattributabletononcontrollinginterest": -125706000,
        "comprehensiveincomenetoftaxattributabletononcontrollinginterest": 1595000,
        "comprehensiveincomenetoftax": -127301000
    },
    {
        "date": "2022-06-29",
        "symbol": "WRB",
        "period": "Q2",
        "premiumswrittennet": 2585635000,
        "increasedecreaseinunearnedpremiumsnet": -228477000,
        "premiumsearnednet": 2357158000,
        "netinvestmentincome": 171574000,
        "marketablesecuritiesrealizedgainlossexcludingotherthantemporaryimpairments": -163935000,
        "investmentsallowanceforcreditlossperiodincreasedecrease": -7620000,
        "marketablesecuritiesgainloss": -171555000,
        "revenuesfromwhollyownedinvestees": 128421000,
        "insurancecommissionsandfees": 26393000,
        "otherincome": 896000,
        "revenues": 2512887000,
        "policyholderbenefitsandclaimsincurrednet": 1435817000,
        "othercostandexpenseoperating": 699819000,
        "expensesfromwhollyownedinvestees": 122966000,
        "interestexpense": 31723000,
        "operatingcostsandexpenses": 2290325000,
        "incomelossfromcontinuingoperationsbeforeincometaxesextraordinaryitemsnoncontrollinginterest": 222562000,
        "incometaxexpensebenefit": 43095000,
        "profitloss": 179467000,
        "netincomelossattributabletononcontrollinginterest": 145000,
        "netincomeloss": 179322000,
        "earningspersharebasic": 0.65,
        "earningspersharediluted": 0.64,
        "othercomprehensiveincomelossforeigncurrencytransactionandtranslationadjustmentnetoftax": -43393000,
        "othercomprehensiveincomeunrealizedholdinggainlossonsecuritiesarisingduringperiodnetoftax": -337008000,
        "othercomprehensiveincomelossnetoftax": -380401000,
        "comprehensiveincomenetoftaxincludingportionattributabletononcontrollinginterest": -200934000,
        "comprehensiveincomenetoftaxattributabletononcontrollinginterest": 145000,
        "comprehensiveincomenetoftax": -201079000
    },
    {
        "date": "2021-09-29",
        "symbol": "WRB",
        "period": "Q3",
        "premiumswrittennet": 2325138000,
        "increasedecreaseinunearnedpremiumsnet": -244120000,
        "premiumsearnednet": 2081018000,
        "netinvestmentincome": 179851000,
        "marketablesecuritiesrealizedgainlossexcludingotherthantemporaryimpairments": 17187000,
        "investmentsallowanceforcreditlossperiodincreasedecrease": 2314000,
        "marketablesecuritiesgainloss": 19501000,
        "revenuesfromwhollyownedinvestees": 120374000,
        "insurancecommissionsandfees": 21467000,
        "otherincome": 2072000,
        "revenues": 2424283000,
        "policyholderbenefitsandclaimsincurrednet": 1298392000,
        "othercostandexpenseoperating": 643045000,
        "expensesfromwhollyownedinvestees": 115465000,
        "interestexpense": 35100000,
        "operatingcostsandexpenses": 2092002000,
        "incomelossfromcontinuingoperationsbeforeincometaxesextraordinaryitemsnoncontrollinginterest": 332281000,
        "incometaxexpensebenefit": 64963000,
        "profitloss": 267318000,
        "netincomelossattributabletononcontrollinginterest": 6021000,
        "netincomeloss": 261297000,
        "earningspersharebasic": 1.41,
        "earningspersharediluted": 1.4,
        "othercomprehensiveincomelossforeigncurrencytransactionandtranslationadjustmentnetoftax": -32822000,
        "othercomprehensiveincomeunrealizedholdinggainlossonsecuritiesarisingduringperiodnetoftax": -35596000,
        "othercomprehensiveincomelossnetoftax": -68418000,
        "comprehensiveincomenetoftaxincludingportionattributabletononcontrollinginterest": 198900000,
        "comprehensiveincomenetoftaxattributabletononcontrollinginterest": 6021000,
        "comprehensiveincomenetoftax": 192879000
    },
    {
        "date": "2021-06-29",
        "symbol": "WRB",
        "period": "Q2",
        "premiumswrittennet": 2212181000,
        "increasedecreaseinunearnedpremiumsnet": -240557000,
        "premiumsearnednet": 1971624000,
        "netinvestmentincome": 168187000,
        "marketablesecuritiesrealizedgainlossexcludingotherthantemporaryimpairments": 20461000,
        "investmentsallowanceforcreditlossperiodincreasedecrease": 3603000,
        "marketablesecuritiesgainloss": 24064000,
        "revenuesfromwhollyownedinvestees": 109122000,
        "insurancecommissionsandfees": 22256000,
        "otherincome": 833000,
        "revenues": 2296086000,
        "policyholderbenefitsandclaimsincurrednet": 1203647000,
        "othercostandexpenseoperating": 647705000,
        "expensesfromwhollyownedinvestees": 106698000,
        "interestexpense": 38096000,
        "operatingcostsandexpenses": 1996146000,
        "incomelossfromcontinuingoperationsbeforeincometaxesextraordinaryitemsnoncontrollinginterest": 299940000,
        "incometaxexpensebenefit": 62262000,
        "profitloss": 237678000,
        "netincomelossattributabletononcontrollinginterest": 440000,
        "netincomeloss": 237238000,
        "earningspersharebasic": 1.28,
        "earningspersharediluted": 1.27,
        "othercomprehensiveincomelossforeigncurrencytransactionandtranslationadjustmentnetoftax": 2537000,
        "othercomprehensiveincomeunrealizedholdinggainlossonsecuritiesarisingduringperiodnetoftax": 23272000,
        "othercomprehensiveincomelossnetoftax": 25809000,
        "comprehensiveincomenetoftaxincludingportionattributabletononcontrollinginterest": 263487000,
        "comprehensiveincomenetoftaxattributabletononcontrollinginterest": 439000,
        "comprehensiveincomenetoftax": 263048000
    },
    {
        "date": "2021-03-30",
        "symbol": "WRB",
        "period": "Q1",
        "premiumswrittennet": 2050038000,
        "increasedecreaseinunearnedpremiumsnet": -200082000,
        "premiumsearnednet": 1849956000,
        "netinvestmentincome": 158577000,
        "marketablesecuritiesrealizedgainlossexcludingotherthantemporaryimpairments": 51759000,
        "investmentsallowanceforcreditlossperiodincreasedecrease": -16920000,
        "marketablesecuritiesgainloss": 34839000,
        "revenuesfromwhollyownedinvestees": 87430000,
        "insurancecommissionsandfees": 25808000,
        "otherincome": 259000,
        "revenues": 2156869000,
        "policyholderbenefitsandclaimsincurrednet": 1121592000,
        "othercostandexpenseoperating": 616268000,
        "expensesfromwhollyownedinvestees": 86290000,
        "interestexpense": 36651000,
        "operatingcostsandexpenses": 1860801000,
        "incomelossfromcontinuingoperationsbeforeincometaxesextraordinaryitemsnoncontrollinginterest": 296068000,
        "incometaxexpensebenefit": 64352000,
        "profitloss": 231716000,
        "netincomelossattributabletononcontrollinginterest": 2191000,
        "netincomeloss": 229525000,
        "earningspersharebasic": 1.24,
        "earningspersharediluted": 1.23,
        "othercomprehensiveincomelossforeigncurrencytransactionandtranslationadjustmentnetoftax": 4050000,
        "othercomprehensiveincomeunrealizedholdinggainlossonsecuritiesarisingduringperiodnetoftax": -90130000,
        "othercomprehensiveincomelossnetoftax": -86080000,
        "comprehensiveincomenetoftaxincludingportionattributabletononcontrollinginterest": 145636000,
        "comprehensiveincomenetoftaxattributabletononcontrollinginterest": 2191000,
        "comprehensiveincomenetoftax": 143445000
    },
    {
        "date": "2020-12-30",
        "symbol": "WRB",
        "period": "Q4",
        "premiumswrittennet": 1797457000,
        "increasedecreaseinunearnedpremiumsnet": 16132000,
        "premiumsearnednet": 1813589000,
        "netinvestmentincome": 180977000,
        "investmentsallowanceforcreditlossperiodincreasedecrease": 393000,
        "revenuesfromwhollyownedinvestees": 132922000,
        "insurancecommissionsandfees": 21521000,
        "otherincome": 150000,
        "revenues": 2312470000,
        "policyholderbenefitsandclaimsincurrednet": 1111695000,
        "othercostandexpenseoperating": 637249000,
        "expensesfromwhollyownedinvestees": 128457000,
        "interestexpense": 35662000,
        "operatingcostsandexpenses": 1913063000,
        "incomelossfromcontinuingoperationsbeforeincometaxesextraordinaryitemsnoncontrollinginterest": 399407000,
        "incometaxexpensebenefit": 86918000,
        "profitloss": 312489000,
        "netincomelossattributabletononcontrollinginterest": 339000,
        "netincomeloss": 312150000,
        "earningspersharebasic": 1.6600000000000001,
        "earningspersharediluted": 1.6400000000000001,
        "othercomprehensiveincomelossforeigncurrencytransactionandtranslationadjustmentnetoftax": 66480000,
        "othercomprehensiveincomeunrealizedholdinggainlossonsecuritiesarisingduringperiodnetoftax": 42233000,
        "othercomprehensiveincomelossnetoftax": 108713000,
        "comprehensiveincomenetoftaxincludingportionattributabletononcontrollinginterest": 421202000,
        "comprehensiveincomenetoftaxattributabletononcontrollinginterest": 340000,
        "comprehensiveincomenetoftax": 420862000
    },
    {
        "date": "2020-09-29",
        "symbol": "WRB",
        "period": "Q3",
        "premiumswrittennet": 1879316000,
        "increasedecreaseinunearnedpremiumsnet": -130395000,
        "premiumsearnednet": 1748921000,
        "netinvestmentincome": 142650000,
        "marketablesecuritiesrealizedgainlossexcludingotherthantemporaryimpairments": -7772000,
        "investmentsallowanceforcreditlossperiodincreasedecrease": 46750000,
        "marketablesecuritiesgainloss": 38978000,
        "revenuesfromwhollyownedinvestees": 87495000,
        "insurancecommissionsandfees": 21635000,
        "otherincome": 140000,
        "revenues": 2039819000,
        "policyholderbenefitsandclaimsincurrednet": 1114632000,
        "othercostandexpenseoperating": 593969000,
        "expensesfromwhollyownedinvestees": 85036000,
        "interestexpense": 39768000,
        "operatingcostsandexpenses": 1833405000,
        "incomelossfromcontinuingoperationsbeforeincometaxesextraordinaryitemsnoncontrollinginterest": 206414000,
        "incometaxexpensebenefit": 54048000,
        "profitloss": 152366000,
        "netincomelossattributabletononcontrollinginterest": 688000,
        "netincomeloss": 151678000,
        "earningspersharebasic": 0.82,
        "earningspersharediluted": 0.81,
        "othercomprehensiveincomelossforeigncurrencytransactionandtranslationadjustmentnetoftax": 40194000,
        "othercomprehensiveincomeunrealizedholdinggainlossonsecuritiesarisingduringperiodnetoftax": 38273000,
        "othercomprehensiveincomelossnetoftax": 78467000,
        "comprehensiveincomenetoftaxincludingportionattributabletononcontrollinginterest": 230833000,
        "comprehensiveincomenetoftaxattributabletononcontrollinginterest": 685000,
        "comprehensiveincomenetoftax": 230148000
    },
    {
        "date": "2020-06-29",
        "symbol": "WRB",
        "period": "Q2",
        "premiumswrittennet": 1739818000,
        "increasedecreaseinunearnedpremiumsnet": -62903000,
        "premiumsearnednet": 1676915000,
        "netinvestmentincome": 85431000,
        "marketablesecuritiesrealizedgainlossexcludingotherthantemporaryimpairments": 61653000,
        "investmentsallowanceforcreditlossperiodincreasedecrease": 16232000,
        "marketablesecuritiesgainloss": 77885000,
        "revenuesfromwhollyownedinvestees": 75742000,
        "insurancecommissionsandfees": 19870000,
        "otherincome": 183000,
        "revenues": 1936026000,
        "policyholderbenefitsandclaimsincurrednet": 1135126000,
        "othercostandexpenseoperating": 580840000,
        "expensesfromwhollyownedinvestees": 76238000,
        "interestexpense": 38373000,
        "operatingcostsandexpenses": 1830577000,
        "incomelossfromcontinuingoperationsbeforeincometaxesextraordinaryitemsnoncontrollinginterest": 105449000,
        "incometaxexpensebenefit": 33793000,
        "profitloss": 71656000,
        "netincomelossattributabletononcontrollinginterest": 396000,
        "netincomeloss": 71260000,
        "earningspersharebasic": 0.38,
        "earningspersharediluted": 0.38,
        "othercomprehensiveincomelossforeigncurrencytransactionandtranslationadjustmentnetoftax": 21447000,
        "othercomprehensiveincomeunrealizedholdinggainlossonsecuritiesarisingduringperiodnetoftax": 318725000,
        "othercomprehensiveincomelossnetoftax": 340172000,
        "comprehensiveincomenetoftaxincludingportionattributabletononcontrollinginterest": 411828000,
        "comprehensiveincomenetoftaxattributabletononcontrollinginterest": 395000,
        "comprehensiveincomenetoftax": 411433000
    },
    {
        "date": "2020-03-30",
        "symbol": "WRB",
        "period": "Q1",
        "profitloss": -3526000,
        "othercomprehensiveincomelossforeigncurrencytransactionandtranslationadjustmentnetoftax": -98194000,
        "othercomprehensiveincomeunrealizedholdinggainlossonsecuritiesarisingduringperiodnetoftax": -258981000,
        "othercomprehensiveincomelossnetoftax": -357175000,
        "comprehensiveincomenetoftaxincludingportionattributabletononcontrollinginterest": -360701000,
        "comprehensiveincomenetoftaxattributabletononcontrollinginterest": 893000,
        "comprehensiveincomenetoftax": -361594000,
        "premiumswrittennet": 1845846000,
        "increasedecreaseinunearnedpremiumsnet": -154428000,
        "premiumsearnednet": 1691418000,
        "netinvestmentincome": 174763000,
        "marketablesecuritiesrealizedgainlossexcludingotherthantemporaryimpairments": -143285000,
        "investmentsallowanceforcreditlossperiodincreasedecrease": -33889000,
        "marketablesecuritiesgainloss": -177174000,
        "revenuesfromwhollyownedinvestees": 93729000,
        "insurancecommissionsandfees": 25751000,
        "otherincome": 2123000,
        "revenues": 1810610000,
        "policyholderbenefitsandclaimsincurrednet": 1107253000,
        "othercostandexpenseoperating": 578334000,
        "expensesfromwhollyownedinvestees": 94757000,
        "interestexpense": 36734000,
        "operatingcostsandexpenses": 1817078000,
        "incomelossfromcontinuingoperationsbeforeincometaxesextraordinaryitemsnoncontrollinginterest": -6468000,
        "incometaxexpensebenefit": -2942000,
        "netincomelossattributabletononcontrollinginterest": 892000,
        "netincomeloss": -4418000,
        "earningspersharebasic": -0.02,
        "earningspersharediluted": -0.02
    },
    {
        "date": "2019-12-30",
        "symbol": "WRB",
        "period": "Q4",
        "profitloss": 119793000,
        "othercomprehensiveincomelossforeigncurrencytransactionandtranslationadjustmentnetoftax": 68580000,
        "othercomprehensiveincomeunrealizedholdinggainlossonsecuritiesarisingduringperiodnetoftax": -3776000,
        "othercomprehensiveincomelossnetoftax": 64804000,
        "comprehensiveincomenetoftaxincludingportionattributabletononcontrollinginterest": 184597000,
        "comprehensiveincomenetoftaxattributabletononcontrollinginterest": 485000,
        "comprehensiveincomenetoftax": 184112000,
        "premiumswrittennet": 1660528000,
        "increasedecreaseinunearnedpremiumsnet": 56253000,
        "premiumsearnednet": 1716781000,
        "netinvestmentincome": 137335000,
        "revenuesfromwhollyownedinvestees": 123537000,
        "insurancecommissionsandfees": 21241000,
        "otherincome": 169000,
        "revenues": 1976074000,
        "policyholderbenefitsandclaimsincurrednet": 1072165000,
        "othercostandexpenseoperating": 601122000,
        "expensesfromwhollyownedinvestees": 122529000,
        "interestexpense": 33495000,
        "operatingcostsandexpenses": 1829311000,
        "incomelossfromcontinuingoperationsbeforeincometaxesextraordinaryitemsnoncontrollinginterest": 146763000,
        "incometaxexpensebenefit": 26970000,
        "netincomelossattributabletononcontrollinginterest": 488000,
        "netincomeloss": 119305000,
        "earningspersharebasic": 0.6200000000000001,
        "earningspersharediluted": 0.6099999999999999
    },
    {
        "date": "2019-09-29",
        "symbol": "WRB",
        "period": "Q3",
        "profitloss": 165151000,
        "othercomprehensiveincomelossforeigncurrencytransactionandtranslationadjustmentnetoftax": -36682000,
        "othercomprehensiveincomeunrealizedholdinggainlossonsecuritiesarisingduringperiodnetoftax": -24745000,
        "othercomprehensiveincomelossnetoftax": -61427000,
        "comprehensiveincomenetoftaxincludingportionattributabletononcontrollinginterest": 103724000,
        "comprehensiveincomenetoftaxattributabletononcontrollinginterest": 66000,
        "comprehensiveincomenetoftax": 103658000,
        "premiumswrittennet": 1749906000,
        "increasedecreaseinunearnedpremiumsnet": -73096000,
        "premiumsearnednet": 1676810000,
        "netinvestmentincome": 161692000,
        "marketablesecuritiesrealizedgainlossexcludingotherthantemporaryimpairments": 1465000,
        "revenuesfromwhollyownedinvestees": 101880000,
        "insurancecommissionsandfees": 23681000,
        "otherincome": 188000,
        "revenues": 1965716000,
        "policyholderbenefitsandclaimsincurrednet": 1041471000,
        "othercostandexpenseoperating": 581045000,
        "expensesfromwhollyownedinvestees": 101743000,
        "interestexpense": 38475000,
        "operatingcostsandexpenses": 1762734000,
        "incomelossfromcontinuingoperationsbeforeincometaxesextraordinaryitemsnoncontrollinginterest": 202982000,
        "incometaxexpensebenefit": 37831000,
        "netincomelossattributabletononcontrollinginterest": -57000,
        "netincomeloss": 165208000,
        "earningspersharebasic": 0.87,
        "earningspersharediluted": 0.85
    },
    {
        "date": "2019-06-29",
        "symbol": "WRB",
        "period": "Q2",
        "profitloss": 217427000,
        "othercomprehensiveincomelossforeigncurrencytransactionandtranslationadjustmentnetoftax": -14492000,
        "othercomprehensiveincomeunrealizedholdinggainlossonsecuritiesarisingduringperiodnetoftax": 118649000,
        "othercomprehensiveincomelossnetoftax": 104157000,
        "comprehensiveincomenetoftaxincludingportionattributabletononcontrollinginterest": 321584000,
        "comprehensiveincomenetoftaxattributabletononcontrollinginterest": 748000,
        "comprehensiveincomenetoftax": 320836000,
        "premiumswrittennet": 1743464000,
        "increasedecreaseinunearnedpremiumsnet": -96623000,
        "premiumsearnednet": 1646841000,
        "netinvestmentincome": 188333000,
        "marketablesecuritiesrealizedgainlossexcludingotherthantemporaryimpairments": 73574000,
        "revenuesfromwhollyownedinvestees": 89297000,
        "insurancecommissionsandfees": 22446000,
        "otherincome": 2893000,
        "revenues": 2023384000,
        "policyholderbenefitsandclaimsincurrednet": 1028830000,
        "othercostandexpenseoperating": 591828000,
        "expensesfromwhollyownedinvestees": 88272000,
        "interestexpense": 40718000,
        "operatingcostsandexpenses": 1749648000,
        "incomelossfromcontinuingoperationsbeforeincometaxesextraordinaryitemsnoncontrollinginterest": 273736000,
        "incometaxexpensebenefit": 56309000,
        "netincomelossattributabletononcontrollinginterest": 718000,
        "netincomeloss": 216709000,
        "earningspersharebasic": 1.14,
        "earningspersharediluted": 1.12
    },
    {
        "date": "2019-03-30",
        "symbol": "WRB",
        "period": "Q1",
        "profitloss": 181614000,
        "othercomprehensiveincomelossforeigncurrencytransactionandtranslationadjustmentnetoftax": 19760000,
        "othercomprehensiveincomeunrealizedholdinggainlossonsecuritiesarisingduringperiodnetoftax": 125774000,
        "othercomprehensiveincomelossnetoftax": 145534000,
        "comprehensiveincomenetoftaxincludingportionattributabletononcontrollinginterest": 327148000,
        "comprehensiveincomenetoftaxattributabletononcontrollinginterest": 845000,
        "comprehensiveincomenetoftax": 326303000,
        "premiumswrittennet": 1709601000,
        "increasedecreaseinunearnedpremiumsnet": -116745000,
        "premiumsearnednet": 1592856000,
        "netinvestmentincome": 158254000,
        "marketablesecuritiesrealizedgainlossexcludingotherthantemporaryimpairments": 68653000,
        "revenuesfromwhollyownedinvestees": 91827000,
        "insurancecommissionsandfees": 25312000,
        "otherincome": 120000,
        "revenues": 1937022000,
        "policyholderbenefitsandclaimsincurrednet": 988650000,
        "othercostandexpenseoperating": 588087000,
        "expensesfromwhollyownedinvestees": 90125000,
        "interestexpense": 40721000,
        "operatingcostsandexpenses": 1707583000,
        "incomelossfromcontinuingoperationsbeforeincometaxesextraordinaryitemsnoncontrollinginterest": 229439000,
        "incometaxexpensebenefit": 47825000,
        "netincomelossattributabletononcontrollinginterest": 892000,
        "netincomeloss": 180722000,
        "earningspersharebasic": 0.95,
        "earningspersharediluted": 0.94
    },
    {
        "date": "2018-09-29",
        "symbol": "WRB",
        "period": "Q3",
        "profitloss": 470000,
        "othercomprehensiveincomelossforeigncurrencytransactionandtranslationadjustmentnetoftax": 15686000,
        "othercomprehensiveincomeunrealizedholdinggainlossonsecuritiesarisingduringperiodnetoftax": -94842000,
        "othercomprehensiveincomelossnetoftax": 15686000,
        "comprehensiveincomenetoftaxincludingportionattributabletononcontrollinginterest": 85287000,
        "comprehensiveincomenetoftaxattributabletononcontrollinginterest": 2463000,
        "comprehensiveincomenetoftax": 82824000,
        "premiumswrittennet": 1624214000,
        "increasedecreaseinunearnedpremiumsnet": -20729000,
        "premiumsearnednet": 114827000,
        "netinvestmentincome": 23826000,
        "marketablesecuritiesrealizedgainlossexcludingotherthantemporaryimpairments": 595000,
        "revenuesfromwhollyownedinvestees": 95168000,
        "insurancecommissionsandfees": 30782000,
        "otherincome": 9000,
        "revenues": 51000000,
        "policyholderbenefitsandclaimsincurrednet": 1017720000,
        "othercostandexpenseoperating": 577648000,
        "expensesfromwhollyownedinvestees": 93463000,
        "interestexpense": 39848000,
        "operatingcostsandexpenses": 1728679000,
        "incomelossfromcontinuingoperationsbeforeincometaxesextraordinaryitemsnoncontrollinginterest": 595000,
        "incometaxexpensebenefit": 125000,
        "netincomelossattributabletononcontrollinginterest": 2523000,
        "netincomeloss": 11567000,
        "earningspersharebasic": 1.28,
        "earningspersharediluted": 1.26
    },
    {
        "date": "2018-06-29",
        "symbol": "WRB",
        "period": "Q2",
        "profitloss": -2999000,
        "othercomprehensiveincomelossforeigncurrencytransactionandtranslationadjustmentnetoftax": -104455000,
        "othercomprehensiveincomeunrealizedholdinggainlossonsecuritiesarisingduringperiodnetoftax": -32442000,
        "othercomprehensiveincomelossnetoftax": -104455000,
        "comprehensiveincomenetoftaxincludingportionattributabletononcontrollinginterest": 43881000,
        "comprehensiveincomenetoftaxattributabletononcontrollinginterest": 666000,
        "comprehensiveincomenetoftax": 43215000,
        "premiumswrittennet": 1624104000,
        "increasedecreaseinunearnedpremiumsnet": -43051000,
        "premiumsearnednet": 125045000,
        "netinvestmentincome": 22123000,
        "marketablesecuritiesrealizedgainlossexcludingotherthantemporaryimpairments": -3796000,
        "revenuesfromwhollyownedinvestees": 76698000,
        "insurancecommissionsandfees": 29719000,
        "otherincome": 38000,
        "revenues": 55000000,
        "policyholderbenefitsandclaimsincurrednet": 973636000,
        "othercostandexpenseoperating": 593142000,
        "expensesfromwhollyownedinvestees": 75191000,
        "interestexpense": 39705000,
        "operatingcostsandexpenses": 1681674000,
        "incomelossfromcontinuingoperationsbeforeincometaxesextraordinaryitemsnoncontrollinginterest": -3796000,
        "incometaxexpensebenefit": -797000,
        "netincomelossattributabletononcontrollinginterest": 703000,
        "netincomeloss": 16784000,
        "earningspersharebasic": 1.42,
        "earningspersharediluted": 1.4
    },
    {
        "date": "2017-09-29",
        "symbol": "WRB",
        "period": "Q3",
        "profitloss": -28136000,
        "othercomprehensiveincomelossforeigncurrencytransactionandtranslationadjustmentnetoftax": 28592000,
        "othercomprehensiveincomeunrealizedholdinggainlossonsecuritiesarisingduringperiodnetoftax": -8168000,
        "othercomprehensiveincomelossnetoftax": 28592000,
        "comprehensiveincomenetoftaxincludingportionattributabletononcontrollinginterest": 183242000,
        "comprehensiveincomenetoftaxattributabletononcontrollinginterest": -731000,
        "comprehensiveincomenetoftax": 182511000,
        "premiumswrittennet": 1571183000,
        "increasedecreaseinunearnedpremiumsnet": 10317000,
        "premiumsearnednet": 147771000,
        "netinvestmentincome": 21528000,
        "marketablesecuritiesrealizedgainlossexcludingotherthantemporaryimpairments": -43286000,
        "insurancecommissionsandfees": 33612000,
        "revenuesfromwhollyownedinvestees": 89786000,
        "otherincome": 6000,
        "revenues": 49000000,
        "policyholderbenefitsandclaimsincurrednet": 1081174000,
        "othercostandexpenseoperating": 600822000,
        "expensesfromwhollyownedinvestees": 86412000,
        "interestexpense": 36821000,
        "operatingcostsandexpenses": 1805229000,
        "incomelossfromcontinuingoperationsbeforeincometaxesextraordinaryitemsnoncontrollinginterest": -43286000,
        "incometaxexpensebenefit": -15150000,
        "netincomelossattributabletononcontrollinginterest": 764000,
        "netincomeloss": -35074000,
        "earningspersharebasic": 1.29,
        "earningspersharediluted": 1.26
    },
    {
        "date": "2017-06-29",
        "symbol": "WRB",
        "period": "Q2",
        "profitloss": -25718000,
        "othercomprehensiveincomelossforeigncurrencytransactionandtranslationadjustmentnetoftax": 20247000,
        "othercomprehensiveincomeunrealizedholdinggainlossonsecuritiesarisingduringperiodnetoftax": 43597000,
        "othercomprehensiveincomelossnetoftax": 20247000,
        "comprehensiveincomenetoftaxincludingportionattributabletononcontrollinginterest": 173417000,
        "comprehensiveincomenetoftaxattributabletononcontrollinginterest": -602000,
        "comprehensiveincomenetoftax": 172815000,
        "premiumswrittennet": 1564251000,
        "increasedecreaseinunearnedpremiumsnet": 4452000,
        "premiumsearnednet": 153117000,
        "netinvestmentincome": 21491000,
        "marketablesecuritiesrealizedgainlossexcludingotherthantemporaryimpairments": -39566000,
        "insurancecommissionsandfees": 33584000,
        "revenuesfromwhollyownedinvestees": 69857000,
        "otherincome": 188000,
        "revenues": 50000000,
        "policyholderbenefitsandclaimsincurrednet": 964698000,
        "othercostandexpenseoperating": 616632000,
        "expensesfromwhollyownedinvestees": 68959000,
        "interestexpense": 36799000,
        "operatingcostsandexpenses": 1687088000,
        "incomelossfromcontinuingoperationsbeforeincometaxesextraordinaryitemsnoncontrollinginterest": -39566000,
        "incometaxexpensebenefit": -13848000,
        "netincomelossattributabletononcontrollinginterest": 569000,
        "netincomeloss": 10324000,
        "earningspersharebasic": 0.87,
        "earningspersharediluted": 0.85
    },
    {
        "date": "2015-09-29",
        "symbol": "WRB",
        "period": "Q3",
        "profitloss": 554000,
        "othercomprehensiveincomelossforeigncurrencytransactionandtranslationadjustmentnetoftax": -62535000,
        "othercomprehensiveincomeunrealizedholdinggainlossonsecuritiesarisingduringperiodnetoftax": 4497000,
        "othercomprehensiveincomelossnetoftax": -62535000,
        "comprehensiveincomenetoftaxincludingportionattributabletononcontrollinginterest": 94698000,
        "comprehensiveincomenetoftaxattributabletononcontrollinginterest": -35000,
        "comprehensiveincomenetoftax": 94663000,
        "premiumswrittennet": 1571037000,
        "increasedecreaseinunearnedpremiumsnet": -39479000,
        "premiumsearnednet": 152057000,
        "netinvestmentincome": 6757000,
        "insurancecommissionsandfees": 35192000,
        "marketablesecuritiesrealizedgainlossexcludingotherthantemporaryimpairments": 852000,
        "marketablesecuritiesrealizedgainlossotherthantemporaryimpairmentsamount": 12515000,
        "revenuesfromwhollyownedinvestees": 107059000,
        "otherincome": 30000,
        "revenues": 126017000,
        "policyholderbenefitsandclaimsincurrednet": 926355000,
        "othercostandexpenseoperating": 573541000,
        "expensesfromwhollyownedinvestees": 100500000,
        "interestexpense": 31641000,
        "operatingcostsandexpenses": 1632037000,
        "incomelossfromcontinuingoperationsbeforeincometaxesextraordinaryitemsnoncontrollinginterest": 852000,
        "incometaxexpensebenefit": 298000,
        "netincomelossattributabletononcontrollinginterest": 129000,
        "netincomeloss": -37684000,
        "earningspersharebasic": 1.24,
        "earningspersharediluted": 1.18
    },
    {
        "date": "2015-06-29",
        "symbol": "WRB",
        "period": "Q2",
        "profitloss": -2007000,
        "othercomprehensiveincomelossforeigncurrencytransactionandtranslationadjustmentnetoftax": 33627000,
        "othercomprehensiveincomeunrealizedholdinggainlossonsecuritiesarisingduringperiodnetoftax": -99620000,
        "othercomprehensiveincomelossnetoftax": 33627000,
        "comprehensiveincomenetoftaxincludingportionattributabletononcontrollinginterest": 57056000,
        "comprehensiveincomenetoftaxattributabletononcontrollinginterest": -24000,
        "comprehensiveincomenetoftax": 57032000,
        "premiumswrittennet": 1543925000,
        "increasedecreaseinunearnedpremiumsnet": -50884000,
        "premiumsearnednet": 141659000,
        "netinvestmentincome": 6253000,
        "insurancecommissionsandfees": 35942000,
        "marketablesecuritiesrealizedgainlossexcludingotherthantemporaryimpairments": -3087000,
        "revenuesfromwhollyownedinvestees": 105596000,
        "otherincome": 46000,
        "revenues": 123452000,
        "policyholderbenefitsandclaimsincurrednet": 906235000,
        "othercostandexpenseoperating": 573582000,
        "expensesfromwhollyownedinvestees": 98730000,
        "interestexpense": 33031000,
        "operatingcostsandexpenses": 1611578000,
        "incomelossfromcontinuingoperationsbeforeincometaxesextraordinaryitemsnoncontrollinginterest": -3087000,
        "incometaxexpensebenefit": -1080000,
        "netincomelossattributabletononcontrollinginterest": 14000,
        "netincomeloss": -39799000,
        "earningspersharebasic": 0.99,
        "earningspersharediluted": 0.95
    },
    {
        "date": "2014-09-29",
        "symbol": "WRB",
        "period": "Q3",
        "profitloss": -16011000,
        "othercomprehensiveincomelossforeigncurrencytransactionandtranslationadjustmentnetoftax": -49380000,
        "othercomprehensiveincomeunrealizedholdinggainlossonsecuritiesarisingduringperiodnetoftax": -12912000,
        "othercomprehensiveincomedefinedbenefitplansnetunamortizedgainlossarisingduringperiodnetoftax": 2020000,
        "othercomprehensiveincomelossnetoftax": -49380000,
        "comprehensiveincomenetoftaxincludingportionattributabletononcontrollinginterest": 128519000,
        "comprehensiveincomenetoftaxattributabletononcontrollinginterest": -334000,
        "comprehensiveincomenetoftax": 128185000,
        "premiumswrittennet": 1525382000,
        "increasedecreaseinunearnedpremiumsnet": -64578000,
        "premiumsearnednet": 205529000,
        "netinvestmentincome": 6560000,
        "insurancecommissionsandfees": 26345000,
        "marketablesecuritiesrealizedgainlossexcludingotherthantemporaryimpairments": -24632000,
        "revenuesfromwhollyownedinvestees": 101568000,
        "otherincome": 405000,
        "revenues": 225486000,
        "policyholderbenefitsandclaimsincurrednet": 887123000,
        "othercostandexpenseoperating": 3108000,
        "expensesfromwhollyownedinvestees": 97797000,
        "interestexpense": 32929000,
        "operatingcostsandexpenses": 1562152000,
        "incomelossfromcontinuingoperationsbeforeincometaxesextraordinaryitemsnoncontrollinginterest": -21524000,
        "incometaxexpensebenefit": -7533000,
        "netincomelossattributabletononcontrollinginterest": 252000,
        "netincomeloss": -42571000,
        "earningspersharebasic": 1.48,
        "earningspersharediluted": 1.42
    },
    {
        "date": "2014-06-29",
        "symbol": "WRB",
        "period": "Q2",
        "profitloss": -14646000,
        "othercomprehensiveincomelossforeigncurrencytransactionandtranslationadjustmentnetoftax": 24815000,
        "othercomprehensiveincomeunrealizedholdinggainlossonsecuritiesarisingduringperiodnetoftax": 48200000,
        "othercomprehensiveincomedefinedbenefitplansnetunamortizedgainlossarisingduringperiodnetoftax": 2020000,
        "othercomprehensiveincomelossnetoftax": 24815000,
        "comprehensiveincomenetoftaxincludingportionattributabletononcontrollinginterest": 255212000,
        "comprehensiveincomenetoftaxattributabletononcontrollinginterest": -235000,
        "comprehensiveincomenetoftax": 254977000,
        "premiumswrittennet": 1489776000,
        "increasedecreaseinunearnedpremiumsnet": -72131000,
        "premiumsearnednet": 201868000,
        "netinvestmentincome": 6772000,
        "insurancecommissionsandfees": 26922000,
        "marketablesecuritiesrealizedgainlossexcludingotherthantemporaryimpairments": -22532000,
        "revenuesfromwhollyownedinvestees": 104285000,
        "otherincome": 240000,
        "revenues": 213144000,
        "policyholderbenefitsandclaimsincurrednet": 867778000,
        "othercostandexpenseoperating": 3108000,
        "expensesfromwhollyownedinvestees": 101296000,
        "interestexpense": 30311000,
        "operatingcostsandexpenses": 1533535000,
        "incomelossfromcontinuingoperationsbeforeincometaxesextraordinaryitemsnoncontrollinginterest": -19424000,
        "incometaxexpensebenefit": -6798000,
        "netincomelossattributabletononcontrollinginterest": 216000,
        "netincomeloss": -39110000,
        "earningspersharebasic": 1.41,
        "earningspersharediluted": 1.35
    },
    {
        "date": "2013-09-29",
        "symbol": "WRB",
        "period": "Q3",
        "profitloss": 1814000,
        "othercomprehensiveincomelossforeigncurrencytransactionandtranslationadjustmentnetoftax": 44328000,
        "othercomprehensiveincomeunrealizedholdinggainlossonsecuritiesarisingduringperiodnetoftax": -38879000,
        "othercomprehensiveincomedefinedbenefitplansnetunamortizedgainlossarisingduringperiodnetoftax": 1814000,
        "othercomprehensiveincomelossnetoftax": -38879000,
        "comprehensiveincomenetoftaxincludingportionattributabletononcontrollinginterest": 145451000,
        "comprehensiveincomenetoftaxattributabletononcontrollinginterest": -1223000,
        "comprehensiveincomenetoftax": 144228000,
        "premiumswrittennet": 1423625000,
        "increasedecreaseinunearnedpremiumsnet": -94763000,
        "premiumsearnednet": 30898000,
        "netinvestmentincome": 94071000,
        "insurancecommissionsandfees": 26121000,
        "marketablesecuritiesrealizedgainlossexcludingotherthantemporaryimpairments": -43920000,
        "revenuesfromwhollyownedinvestees": 109390000,
        "otherincome": 248000,
        "revenues": 200205000,
        "policyholderbenefitsandclaimsincurrednet": 798276000,
        "othercostandexpenseoperating": 2790000,
        "expensesfromwhollyownedinvestees": 103170000,
        "interestexpense": 30349000,
        "operatingcostsandexpenses": 1435891000,
        "incomelossfromcontinuingoperationsbeforeincometaxesextraordinaryitemsnoncontrollinginterest": -41130000,
        "incometaxexpensebenefit": 976000,
        "netincomelossattributabletononcontrollinginterest": 1214000,
        "netincomeloss": 118183000,
        "earningspersharebasic": 1.01,
        "earningspersharediluted": 0.97
    },
    {
        "date": "2013-06-29",
        "symbol": "WRB",
        "period": "Q2",
        "profitloss": 1814000,
        "othercomprehensiveincomelossforeigncurrencytransactionandtranslationadjustmentnetoftax": -23156000,
        "othercomprehensiveincomeunrealizedholdinggainlossonsecuritiesarisingduringperiodnetoftax": -197060000,
        "othercomprehensiveincomedefinedbenefitplansnetunamortizedgainlossarisingduringperiodnetoftax": 1814000,
        "othercomprehensiveincomelossnetoftax": -23156000,
        "comprehensiveincomenetoftaxincludingportionattributabletononcontrollinginterest": -103275000,
        "comprehensiveincomenetoftaxattributabletononcontrollinginterest": 865000,
        "comprehensiveincomenetoftax": -102410000,
        "premiumswrittennet": 1341898000,
        "increasedecreaseinunearnedpremiumsnet": -59383000,
        "premiumsearnednet": 32392000,
        "netinvestmentincome": 107562000,
        "insurancecommissionsandfees": 27652000,
        "marketablesecuritiesrealizedgainlossexcludingotherthantemporaryimpairments": -21933000,
        "revenuesfromwhollyownedinvestees": 83775000,
        "otherincome": 225000,
        "revenues": 193363000,
        "policyholderbenefitsandclaimsincurrednet": 805470000,
        "othercostandexpenseoperating": 2790000,
        "expensesfromwhollyownedinvestees": 81293000,
        "interestexpense": 31207000,
        "operatingcostsandexpenses": 1412256000,
        "incomelossfromcontinuingoperationsbeforeincometaxesextraordinaryitemsnoncontrollinginterest": -19143000,
        "incometaxexpensebenefit": 7807000,
        "netincomelossattributabletononcontrollinginterest": -830000,
        "netincomeloss": 106478000,
        "earningspersharebasic": 0.85,
        "earningspersharediluted": 0.82
    },
    {
        "date": "2012-09-29",
        "symbol": "WRB",
        "period": "Q3",
        "profitloss": 101008000,
        "othercomprehensiveincomeforeigncurrencytransactionandtranslationadjustmentnetoftaxperiodincreasedecrease": 26056000,
        "othercomprehensiveincomeunrealizedholdinggainlossonsecuritiesarisingduringperiodnetoftax": 79772000,
        "othercomprehensiveincomereclassificationadjustmentfornetinvestmentgainslossesincludedinnetincomenetoftax": -14811000,
        "othercomprehensiveincomedefinedbenefitplansnetunamortizedgainlossarisingduringperiodnetoftax": 823000,
        "othercomprehensiveincomelossnetoftaxperiodincreasedecrease": 91840000,
        "comprehensiveincomenetoftaxincludingportionattributabletononcontrollinginterest": 192848000,
        "comprehensiveincomenetoftaxattributabletononcontrollinginterest": 104000,
        "comprehensiveincomenetoftax": 192744000,
        "premiumswrittennet": 1275887000,
        "changeinnetunearnedpremiums": 89354000,
        "premiumsearnednet": 57194000,
        "netinvestmentincome": 36245000,
        "insurancecommissionsandfees": 26208000,
        "netrealizedgainlossoninvestmentsales": 17226000,
        "marketablesecuritiesrealizedgainlossotherthantemporaryimpairmentsamount": -5000000,
        "gainlossoninvestments": 22226000,
        "revenuesfromwhollyownedinvestees": 68087000,
        "otherincome": 1428000,
        "revenues": 456987000,
        "policyholderbenefitsandclaimsincurrednet": 736632000,
        "othercostandexpenseoperating": 407149000,
        "expensesfromwhollyownedinvestees": 66177000,
        "interestexpense": 32512000,
        "operatingcostsandexpenses": 1286808000,
        "incomebeforeincometaxes": 22226000,
        "incometaxexpensebenefit": 20176000,
        "netincomelossattributabletononcontrollinginterest": 61000,
        "netincomeloss": 14811000,
        "earningspersharebasic": 0.56,
        "earningspersharediluted": 0.53
    },
    {
        "date": "2011-09-29",
        "symbol": "WRB",
        "period": "Q3",
        "profitloss": 193854000,
        "othercomprehensiveincomeforeigncurrencytransactionandtranslationadjustmentnetoftaxperiodincreasedecrease": -30957000,
        "othercomprehensiveincomeunrealizedholdinggainlossonsecuritiesarisingduringperiodnetoftax": 39031000,
        "othercomprehensiveincomereclassificationadjustmentfornetinvestmentgainslossesincludedinnetincomenetoftax": -13784000,
        "othercomprehensiveincomedefinedbenefitplansnetunamortizedgainlossarisingduringperiodnetoftax": 707000,
        "othercomprehensiveincomelossnetoftaxperiodincreasedecrease": -18390000,
        "comprehensiveincomenetoftaxincludingportionattributabletononcontrollinginterest": 72266000,
        "comprehensiveincomenetoftaxattributabletononcontrollinginterest": -40000,
        "comprehensiveincomenetoftax": 72306000,
        "premiumswrittennet": 1126139000,
        "changeinnetunearnedpremiums": 70316000,
        "premiumsearnednet": -941160000,
        "netinvestmentincome": -58402000,
        "insurancecommissionsandfees": 22279000,
        "netrealizedgainlossoninvestmentsales": 21238000,
        "gainlossoninvestments": 21238000,
        "revenuesfromwhollyownedinvestees": 65922000,
        "otherincome": 406000,
        "revenues": -1562717000,
        "policyholderbenefitsandclaimsincurrednet": 683980000,
        "othercostandexpenseoperating": 405850000,
        "expensesfromwhollyownedinvestees": 64388000,
        "interestexpense": 28068000,
        "operatingcostsandexpenses": 1182286000,
        "incomebeforeincometaxes": -171199000,
        "incometaxexpensebenefit": 20176000,
        "netincomelossattributabletononcontrollinginterest": -39000,
        "netincomeloss": -85521000,
        "earningspersharebasic": 0.5499999999999999,
        "earningspersharediluted": 0.5399999999999998
    },
    {
        "date": "2011-06-29",
        "symbol": "WRB",
        "period": "Q2",
        "premiumswrittennet": 1057415000,
        "changeinnetunearnedpremiums": 40171000,
        "premiumsearnednet": 60718000,
        "netinvestmentincome": 51144000,
        "insurancecommissionsandfees": 25035000,
        "netrealizedgainlossoninvestmentsales": 23290000,
        "marketablesecuritiesrealizedgainlossotherthantemporaryimpairmentsamount": 400000,
        "gainlossoninvestments": 22890000,
        "revenuesfromwhollyownedinvestees": 56134000,
        "otherincome": 574000,
        "revenues": 401778000,
        "policyholderbenefitsandclaimsincurrednet": 674276000,
        "othercostandexpenseoperating": 402359000,
        "expensesfromwhollyownedinvestees": 55855000,
        "interestexpense": 28132000,
        "operatingcostsandexpenses": 1160622000,
        "incomebeforeincometaxes": 77564000,
        "incometaxexpensebenefit": 27309000,
        "profitloss": 83018000,
        "netincomelossattributabletononcontrollinginterest": -64000,
        "netincomeloss": 56013000,
        "earningspersharebasic": 0.59,
        "earningspersharediluted": 0.56,
        "othercomprehensiveincomeforeigncurrencytransactionandtranslationadjustmentnetoftaxperiodincreasedecrease": -1007000,
        "othercomprehensiveincomeunrealizedholdinggainlossonsecuritiesarisingduringperiodnetoftax": 92271000,
        "othercomprehensiveincomereclassificationadjustmentfornetinvestmentgainslossesincludedinnetincomenetoftax": -14336000,
        "othercomprehensiveincomedefinedbenefitplansnetunamortizedgainlossarisingduringperiodnetoftax": 707000,
        "othercomprehensiveincomelossnetoftaxperiodincreasedecrease": 77635000,
        "comprehensiveincomenetoftaxincludingportionattributabletononcontrollinginterest": 160653000,
        "comprehensiveincomenetoftaxattributabletononcontrollinginterest": 4000,
        "comprehensiveincomenetoftax": 160649000
    },
    {
        "date": "2011-03-30",
        "symbol": "WRB",
        "period": "Q1",
        "profitloss": 5000,
        "othercomprehensiveincomeforeigncurrencytransactionandtranslationadjustmentnetoftaxperiodincreasedecrease": 10860000,
        "othercomprehensiveincomeunrealizedholdinggainlossonsecuritiesarisingduringperiodnetoftax": -6217000,
        "othercomprehensiveincomereclassificationadjustmentfornetinvestmentgainslossesincludedinnetincomenetoftax": -18790000,
        "othercomprehensiveincomedefinedbenefitplansnetunamortizedgainlossarisingduringperiodnetoftax": 704000,
        "othercomprehensiveincomelossnetoftaxperiodincreasedecrease": -56000,
        "comprehensiveincomenetoftaxincludingportionattributabletononcontrollinginterest": 103049000,
        "comprehensiveincomenetoftaxattributabletononcontrollinginterest": -51000,
        "comprehensiveincomenetoftax": 103100000,
        "premiumswrittennet": 1083303000,
        "changeinnetunearnedpremiums": 100806000,
        "premiumsearnednet": 982497000,
        "netinvestmentincome": 146126000,
        "insurancecommissionsandfees": 22173000,
        "netrealizedgainlossoninvestmentsales": 29284000,
        "gainlossoninvestments": 29284000,
        "revenuesfromwhollyownedinvestees": 53887000,
        "otherincome": 384000,
        "revenues": 1234351000,
        "policyholderbenefitsandclaimsincurrednet": 607095000,
        "othercostandexpenseoperating": 384831000,
        "expensesfromwhollyownedinvestees": 53816000,
        "interestexpense": 28117000,
        "operatingcostsandexpenses": 1073859000,
        "incomebeforeincometaxes": 160492000,
        "incometaxexpensebenefit": 44000000,
        "netincomelossattributabletononcontrollinginterest": 5000,
        "netincomeloss": 116487000,
        "earningspersharebasic": 0.83,
        "earningspersharediluted": 0.79
    },
    {
        "date": "2010-09-29",
        "symbol": "WRB",
        "period": "Q3",
        "premiumswrittennet": 986706000,
        "changeinnetunearnedpremiums": 19409000,
        "premiumsearnednet": 967297000,
        "netinvestmentincome": 138187000,
        "incomelossfromequitymethodinvestments": -19044000,
        "insurancecommissionsandfees": 22175000,
        "netrealizedgainlossoninvestmentsales": 6327000,
        "marketablesecuritiesrealizedgainlossotherthantemporaryimpairmentsamount": 1123000,
        "gainlossoninvestments": 5204000,
        "revenuesfromwhollyownedinvestees": 61983000,
        "otherincome": 310000,
        "revenues": 1176112000,
        "policyholderbenefitsandclaimsincurrednet": 597907000,
        "othercostandexpenseoperating": 369217000,
        "expensesfromwhollyownedinvestees": 60963000,
        "interestexpense": 26725000,
        "operatingcostsandexpenses": 1054812000,
        "incomebeforeincometaxes": 121300000,
        "incometaxexpensebenefit": 27631000,
        "profitloss": 93669000,
        "netincomelossattributabletononcontrollinginterest": 50000,
        "netincomeloss": 93619000,
        "earningspersharebasic": 0.64,
        "earningspersharediluted": 0.61,
        "othercomprehensiveincomeforeigncurrencytransactionandtranslationadjustmentnetoftaxperiodincreasedecrease": 17985000,
        "othercomprehensiveincomeunrealizedholdinggainlossonsecuritiesarisingduringperiodnetoftax": 125329000,
        "othercomprehensiveincomereclassificationadjustmentfornetinvestmentgainslossesincludedinnetincomenetoftax": -3364000,
        "othercomprehensiveincomedefinedbenefitplansnetunamortizedgainlossarisingduringperiodnetoftax": 561000,
        "othercomprehensiveincomelossnetoftaxperiodincreasedecrease": 140511000,
        "comprehensiveincomenetoftaxincludingportionattributabletononcontrollinginterest": 234180000,
        "comprehensiveincomenetoftaxattributabletononcontrollinginterest": 53000,
        "comprehensiveincomenetoftax": 234127000
    }
]