[
    {
        "date": "2024-10-30",
        "symbol": "VEEV",
        "period": "Q3",
        "revenuefromcontractwithcustomerexcludingassessedtax": 699207000,
        "costofgoodsandservicessold": 174389000,
        "grossprofit": 524818000,
        "researchanddevelopmentexpense": 172411000,
        "sellingandmarketingexpense": 98695000,
        "generalandadministrativeexpense": 72359000,
        "operatingexpenses": 343465000,
        "operatingincomeloss": 181353000,
        "othernonoperatingincomeexpense": 60937000,
        "incomelossfromcontinuingoperationsbeforeincometaxesextraordinaryitemsnoncontrollinginterest": 242290000,
        "incometaxexpensebenefit": 56482000,
        "netincomeloss": 185808000,
        "earningspersharebasic": 1.15,
        "earningspersharediluted": 1.13,
        "weightedaveragenumberofsharesoutstandingbasic": 161987000,
        "weightedaveragenumberofdilutedsharesoutstanding": 164979000,
        "othercomprehensiveincomeunrealizedholdinggainlossonsecuritiesarisingduringperiodnetoftax": -738000,
        "othercomprehensiveincomeforeigncurrencytransactionandtranslationadjustmentnetoftaxportionattributabletoparent": -146000,
        "comprehensiveincomenetoftax": 184924000,
        "allocatedsharebasedcompensationexpense": 117859000
    },
    {
        "date": "2024-07-30",
        "symbol": "VEEV",
        "period": "Q2",
        "revenuefromcontractwithcustomerexcludingassessedtax": 676181000,
        "costofgoodsandservicessold": 170372000,
        "grossprofit": 505809000,
        "researchanddevelopmentexpense": 176429000,
        "sellingandmarketingexpense": 101528000,
        "generalandadministrativeexpense": 61365000,
        "operatingexpenses": 339322000,
        "operatingincomeloss": 166487000,
        "othernonoperatingincomeexpense": 58573000,
        "incomelossfromcontinuingoperationsbeforeincometaxesextraordinaryitemsnoncontrollinginterest": 225060000,
        "incometaxexpensebenefit": 54019000,
        "netincomeloss": 171041000,
        "earningspersharebasic": 1.06,
        "earningspersharediluted": 1.04,
        "weightedaveragenumberofsharesoutstandingbasic": 161708000,
        "weightedaveragenumberofdilutedsharesoutstanding": 164564000,
        "othercomprehensiveincomeunrealizedholdinggainlossonsecuritiesarisingduringperiodnetoftax": 25175000,
        "othercomprehensiveincomeforeigncurrencytransactionandtranslationadjustmentnetoftaxportionattributabletoparent": -104000,
        "comprehensiveincomenetoftax": 196112000,
        "allocatedsharebasedcompensationexpense": 108376000
    },
    {
        "date": "2024-04-29",
        "symbol": "VEEV",
        "period": "Q1",
        "revenuefromcontractwithcustomerexcludingassessedtax": 533955000,
        "costofgoodsandservicessold": 78148000,
        "grossprofit": 476461000,
        "researchanddevelopmentexpense": 162711000,
        "sellingandmarketingexpense": 97301000,
        "generalandadministrativeexpense": 61277000,
        "operatingexpenses": 321289000,
        "operatingincomeloss": 155172000,
        "othernonoperatingincomeexpense": 51729000,
        "incomelossfromcontinuingoperationsbeforeincometaxesextraordinaryitemsnoncontrollinginterest": 206901000,
        "incometaxexpensebenefit": 45237000,
        "netincomeloss": 161664000,
        "earningspersharebasic": 1,
        "earningspersharediluted": 0.98,
        "weightedaveragenumberofsharesoutstandingbasic": 161421000,
        "weightedaveragenumberofdilutedsharesoutstanding": 164394000,
        "othercomprehensiveincomeunrealizedholdinggainlossonsecuritiesarisingduringperiodnetoftax": -18861000,
        "othercomprehensiveincomeforeigncurrencytransactionandtranslationadjustmentnetoftaxportionattributabletoparent": -1148000,
        "comprehensiveincomenetoftax": 141655000,
        "allocatedsharebasedcompensationexpense": 1554000
    },
    {
        "date": "2024-01-30",
        "symbol": "VEEV",
        "period": "Q4",
        "revenuefromcontractwithcustomerexcludingassessedtax": 1376931000,
        "costofgoodsandservicessold": -119539000,
        "grossprofit": 456690000,
        "researchanddevelopmentexpense": 163565000,
        "sellingandmarketingexpense": 99201000,
        "generalandadministrativeexpense": 58658000,
        "operatingexpenses": 321424000,
        "operatingincomeloss": 135266000,
        "othernonoperatingincomeexpense": 47428000,
        "incomelossfromcontinuingoperationsbeforeincometaxesextraordinaryitemsnoncontrollinginterest": 182694000,
        "incometaxexpensebenefit": 35296000,
        "netincomeloss": 147398000,
        "earningspersharebasic": 0.9100000000000003,
        "earningspersharediluted": 0.8999999999999999,
        "weightedaveragenumberofsharesoutstandingbasic": 160532000,
        "weightedaveragenumberofdilutedsharesoutstanding": 163486000,
        "othercomprehensiveincomeunrealizedholdinggainlossonsecuritiesarisingduringperiodnetoftax": 28138000,
        "comprehensiveincomenetoftax": 174299000,
        "allocatedsharebasedcompensationexpense": -188735000
    },
    {
        "date": "2023-10-30",
        "symbol": "VEEV",
        "period": "Q3",
        "revenuefromcontractwithcustomerexcludingassessedtax": 494912000,
        "costofgoodsandservicessold": 74435000,
        "grossprofit": 448823000,
        "researchanddevelopmentexpense": 161278000,
        "sellingandmarketingexpense": 96773000,
        "generalandadministrativeexpense": 62283000,
        "operatingexpenses": 320334000,
        "operatingincomeloss": 128489000,
        "othernonoperatingincomeexpense": 42187000,
        "incomelossfromcontinuingoperationsbeforeincometaxesextraordinaryitemsnoncontrollinginterest": 170676000,
        "incometaxexpensebenefit": 35518000,
        "netincomeloss": 135158000,
        "earningspersharebasic": 0.84,
        "earningspersharediluted": 0.83,
        "weightedaveragenumberofsharesoutstandingbasic": 160768000,
        "weightedaveragenumberofdilutedsharesoutstanding": 163761000,
        "othercomprehensiveincomeunrealizedholdinggainlossonsecuritiesarisingduringperiodnetoftax": -2637000,
        "othercomprehensiveincomeforeigncurrencytransactionandtranslationadjustmentnetoftaxportionattributabletoparent": -518000,
        "comprehensiveincomenetoftax": 132003000,
        "allocatedsharebasedcompensationexpense": 1604000
    },
    {
        "date": "2023-07-30",
        "symbol": "VEEV",
        "period": "Q2",
        "revenuefromcontractwithcustomerexcludingassessedtax": 15400000,
        "costofgoodsandservicessold": 169018000,
        "grossprofit": 421207000,
        "researchanddevelopmentexpense": 157228000,
        "sellingandmarketingexpense": 96995000,
        "generalandadministrativeexpense": 62935000,
        "operatingexpenses": 317158000,
        "operatingincomeloss": 104049000,
        "othernonoperatingincomeexpense": 38826000,
        "incomelossfromcontinuingoperationsbeforeincometaxesextraordinaryitemsnoncontrollinginterest": 142875000,
        "incometaxexpensebenefit": 31247000,
        "netincomeloss": 111628000,
        "earningspersharebasic": 0.7,
        "earningspersharediluted": 0.68,
        "weightedaveragenumberofsharesoutstandingbasic": 14498000,
        "weightedaveragenumberofdilutedsharesoutstanding": 17386000,
        "othercomprehensiveincomeunrealizedholdinggainlossonsecuritiesarisingduringperiodnetoftax": -8891000,
        "othercomprehensiveincomeforeigncurrencytransactionandtranslationadjustmentnetoftaxportionattributabletoparent": 267000,
        "comprehensiveincomenetoftax": 103004000,
        "allocatedsharebasedcompensationexpense": 102895000
    },
    {
        "date": "2023-04-29",
        "symbol": "VEEV",
        "period": "Q1",
        "revenuefromcontractwithcustomerexcludingassessedtax": 14350000,
        "costofgoodsandservicessold": 166663000,
        "grossprofit": 359662000,
        "researchanddevelopmentexpense": 146960000,
        "sellingandmarketingexpense": 88503000,
        "generalandadministrativeexpense": 62669000,
        "operatingexpenses": 298132000,
        "operatingincomeloss": 61530000,
        "othernonoperatingincomeexpense": 30248000,
        "incomelossfromcontinuingoperationsbeforeincometaxesextraordinaryitemsnoncontrollinginterest": 91778000,
        "incometaxexpensebenefit": -39743000,
        "netincomeloss": 131521000,
        "earningspersharebasic": 0.82,
        "earningspersharediluted": 0.81,
        "weightedaveragenumberofsharesoutstandingbasic": 14520000,
        "weightedaveragenumberofdilutedsharesoutstanding": 17189000,
        "othercomprehensiveincomeunrealizedholdinggainlossonsecuritiesarisingduringperiodnetoftax": 5428000,
        "othercomprehensiveincomeforeigncurrencytransactionandtranslationgainlossarisingduringperiodnetoftax": -58000,
        "comprehensiveincomenetoftax": 136891000,
        "allocatedsharebasedcompensationexpense": 90719000
    },
    {
        "date": "2023-01-30",
        "symbol": "VEEV",
        "period": "Q4",
        "revenuefromcontractwithcustomerexcludingassessedtax": 14740000,
        "costofgoodsandservicessold": 164314000,
        "grossprofit": 399075000,
        "researchanddevelopmentexpense": 142538000,
        "sellingandmarketingexpense": 89049000,
        "generalandadministrativeexpense": 58565000,
        "operatingexpenses": 290152000,
        "operatingincomeloss": 108923000,
        "othernonoperatingincomeexpense": 26440000,
        "incomelossfromcontinuingoperationsbeforeincometaxesextraordinaryitemsnoncontrollinginterest": 135363000,
        "incometaxexpensebenefit": -53170000,
        "netincomeloss": 188533000,
        "earningspersharebasic": 1.2100000000000004,
        "earningspersharediluted": 1.15,
        "weightedaveragenumberofsharesoutstandingbasic": -29552000,
        "weightedaveragenumberofdilutedsharesoutstanding": -43998000,
        "othercomprehensiveincomeunrealizedholdinggainlossonsecuritiesarisingduringperiodnetoftax": 15868000,
        "othercomprehensiveincomeforeigncurrencytransactionandtranslationgainlossarisingduringperiodnetoftax": -1355000,
        "comprehensiveincomenetoftax": 203046000,
        "allocatedsharebasedcompensationexpense": 95544000
    },
    {
        "date": "2022-10-30",
        "symbol": "VEEV",
        "period": "Q3",
        "revenuefromcontractwithcustomerexcludingassessedtax": 14919000,
        "costofgoodsandservicessold": 153907000,
        "grossprofit": 398444000,
        "researchanddevelopmentexpense": 130257000,
        "sellingandmarketingexpense": 93910000,
        "generalandadministrativeexpense": 52873000,
        "operatingexpenses": 277040000,
        "operatingincomeloss": 121404000,
        "othernonoperatingincomeexpense": 12458000,
        "incomelossfromcontinuingoperationsbeforeincometaxesextraordinaryitemsnoncontrollinginterest": 133862000,
        "incometaxexpensebenefit": 25405000,
        "netincomeloss": 108457000,
        "earningspersharebasic": 0.7,
        "earningspersharediluted": 0.67,
        "weightedaveragenumberofsharesoutstandingbasic": 14766000,
        "weightedaveragenumberofdilutedsharesoutstanding": 21669000,
        "othercomprehensiveincomeunrealizedholdinggainlossonsecuritiesarisingduringperiodnetoftax": -17499000,
        "othercomprehensiveincomeforeigncurrencytransactionandtranslationgainlossarisingduringperiodnetoftax": -808000,
        "comprehensiveincomenetoftax": 90150000,
        "allocatedsharebasedcompensationexpense": 93187000
    },
    {
        "date": "2022-07-30",
        "symbol": "VEEV",
        "period": "Q2",
        "revenuefromcontractwithcustomerexcludingassessedtax": 14502000,
        "costofgoodsandservicessold": 151669000,
        "grossprofit": 382549000,
        "researchanddevelopmentexpense": 134008000,
        "sellingandmarketingexpense": 89617000,
        "generalandadministrativeexpense": 57832000,
        "operatingexpenses": 281457000,
        "operatingincomeloss": 101092000,
        "othernonoperatingincomeexpense": 8398000,
        "incomelossfromcontinuingoperationsbeforeincometaxesextraordinaryitemsnoncontrollinginterest": 109490000,
        "incometaxexpensebenefit": 18889000,
        "netincomeloss": 90601000,
        "earningspersharebasic": 0.58,
        "earningspersharediluted": 0.56,
        "weightedaveragenumberofsharesoutstandingbasic": 14766000,
        "weightedaveragenumberofdilutedsharesoutstanding": 21947000,
        "othercomprehensiveincomeunrealizedholdinggainlossonsecuritiesarisingduringperiodnetoftax": -2224000,
        "othercomprehensiveincomeforeigncurrencytransactionandtranslationgainlossarisingduringperiodnetoftax": -900000,
        "comprehensiveincomenetoftax": 87477000,
        "allocatedsharebasedcompensationexpense": 96042000
    },
    {
        "date": "2022-04-29",
        "symbol": "VEEV",
        "period": "Q1",
        "revenuefromcontractwithcustomerexcludingassessedtax": 13656000,
        "costofgoodsandservicessold": 139515000,
        "grossprofit": 365587000,
        "researchanddevelopmentexpense": 113475000,
        "sellingandmarketingexpense": 76115000,
        "generalandadministrativeexpense": 48325000,
        "operatingexpenses": 237915000,
        "operatingincomeloss": 127672000,
        "othernonoperatingincomeexpense": 2709000,
        "incomelossfromcontinuingoperationsbeforeincometaxesextraordinaryitemsnoncontrollinginterest": 130381000,
        "incometaxexpensebenefit": 30266000,
        "netincomeloss": 100115000,
        "earningspersharebasic": 0.65,
        "earningspersharediluted": 0.62,
        "weightedaveragenumberofsharesoutstandingbasic": 14765000,
        "weightedaveragenumberofdilutedsharesoutstanding": 22179000,
        "othercomprehensiveincomeunrealizedholdinggainlossonsecuritiesarisingduringperiodnetoftax": -10999000,
        "othercomprehensiveincomeforeigncurrencytransactionandtranslationgainlossarisingduringperiodnetoftax": -1254000,
        "comprehensiveincomenetoftax": 87862000,
        "allocatedsharebasedcompensationexpense": 67134000
    },
    {
        "date": "2022-01-30",
        "symbol": "VEEV",
        "period": "Q4",
        "revenuefromcontractwithcustomerexcludingassessedtax": 13428000,
        "costofgoodsandservicessold": 135881000,
        "grossprofit": 349618000,
        "researchanddevelopmentexpense": 105275000,
        "sellingandmarketingexpense": 79239000,
        "generalandadministrativeexpense": 45386000,
        "operatingexpenses": 229900000,
        "operatingincomeloss": 119718000,
        "othernonoperatingincomeexpense": -239000,
        "incomelossfromcontinuingoperationsbeforeincometaxesextraordinaryitemsnoncontrollinginterest": 119479000,
        "incometaxexpensebenefit": 22383000,
        "netincomeloss": 97096000,
        "earningspersharebasic": 0.6300000000000001,
        "earningspersharediluted": 0.6000000000000001,
        "weightedaveragenumberofsharesoutstandingbasic": -29589000,
        "weightedaveragenumberofdilutedsharesoutstanding": -49527000,
        "comprehensiveincomenetoftax": 90876000,
        "allocatedsharebasedcompensationexpense": 61717000
    },
    {
        "date": "2021-10-30",
        "symbol": "VEEV",
        "period": "Q3",
        "revenuefromcontractwithcustomerexcludingassessedtax": 13077000,
        "costofgoodsandservicessold": 129564000,
        "grossprofit": 346547000,
        "researchanddevelopmentexpense": 98635000,
        "sellingandmarketingexpense": 72423000,
        "generalandadministrativeexpense": 42781000,
        "operatingexpenses": 213839000,
        "operatingincomeloss": 132708000,
        "othernonoperatingincomeexpense": 824000,
        "incomelossfromcontinuingoperationsbeforeincometaxesextraordinaryitemsnoncontrollinginterest": 133532000,
        "incometaxexpensebenefit": 27663000,
        "netincomeloss": 105869000,
        "earningspersharebasic": 0.69,
        "earningspersharediluted": 0.65,
        "weightedaveragenumberofsharesoutstandingbasic": 14759000,
        "weightedaveragenumberofdilutedsharesoutstanding": 24279000,
        "othercomprehensiveincomeavailableforsalesecuritiesadjustmentnetoftaxportionattributabletoparent": -2741000,
        "othercomprehensiveincomeforeigncurrencytransactionandtranslationadjustmentnetoftaxportionattributabletoparent": -308000,
        "comprehensiveincomenetoftax": 102820000,
        "allocatedsharebasedcompensationexpense": 62045000
    },
    {
        "date": "2021-07-30",
        "symbol": "VEEV",
        "period": "Q2",
        "revenuefromcontractwithcustomerexcludingassessedtax": 13070000,
        "costofgoodsandservicessold": 122097000,
        "grossprofit": 333497000,
        "researchanddevelopmentexpense": 94899000,
        "sellingandmarketingexpense": 71789000,
        "generalandadministrativeexpense": 42185000,
        "operatingexpenses": 208873000,
        "operatingincomeloss": 124624000,
        "othernonoperatingincomeexpense": 1666000,
        "incomelossfromcontinuingoperationsbeforeincometaxesextraordinaryitemsnoncontrollinginterest": 126290000,
        "incometaxexpensebenefit": 17432000,
        "netincomeloss": 108858000,
        "earningspersharebasic": 0.71,
        "earningspersharediluted": 0.67,
        "weightedaveragenumberofsharesoutstandingbasic": 14770000,
        "weightedaveragenumberofdilutedsharesoutstanding": 24445000,
        "othercomprehensiveincomeavailableforsalesecuritiesadjustmentnetoftaxportionattributabletoparent": -217000,
        "othercomprehensiveincomeforeigncurrencytransactionandtranslationadjustmentnetoftaxportionattributabletoparent": -165000,
        "comprehensiveincomenetoftax": 108476000,
        "allocatedsharebasedcompensationexpense": 62385000
    },
    {
        "date": "2021-04-29",
        "symbol": "VEEV",
        "period": "Q1",
        "revenuefromcontractwithcustomerexcludingassessedtax": 341119000,
        "costofgoodsandservicessold": 51217000,
        "grossprofit": 317437000,
        "researchanddevelopmentexpense": 83226000,
        "sellingandmarketingexpense": 64610000,
        "generalandadministrativeexpense": 41155000,
        "operatingexpenses": 188991000,
        "operatingincomeloss": 128446000,
        "othernonoperatingincomeexpense": 4564000,
        "incomelossfromcontinuingoperationsbeforeincometaxesextraordinaryitemsnoncontrollinginterest": 133010000,
        "incometaxexpensebenefit": 17443000,
        "netincomeloss": 115567000,
        "earningspersharebasic": 0.76,
        "earningspersharediluted": 0.71,
        "weightedaveragenumberofsharesoutstandingbasic": 152444000,
        "weightedaveragenumberofdilutedsharesoutstanding": 162213000,
        "othercomprehensiveincomeavailableforsalesecuritiesadjustmentnetoftaxportionattributabletoparent": -1086000,
        "othercomprehensiveincomeforeigncurrencytransactionandtranslationadjustmentnetoftaxportionattributabletoparent": -2213000,
        "comprehensiveincomenetoftax": 112268000,
        "allocatedsharebasedcompensationexpense": 906000
    },
    {
        "date": "2021-01-30",
        "symbol": "VEEV",
        "period": "Q4",
        "revenuefromcontractwithcustomerexcludingassessedtax": 322811000,
        "costofgoodsandservicessold": 52132000,
        "grossprofit": 282914000,
        "researchanddevelopmentexpense": 81938000,
        "sellingandmarketingexpense": 62105000,
        "generalandadministrativeexpense": 40028000,
        "operatingexpenses": 184071000,
        "operatingincomeloss": 98843000,
        "othernonoperatingincomeexpense": 6449000,
        "incomelossfromcontinuingoperationsbeforeincometaxesextraordinaryitemsnoncontrollinginterest": 105292000,
        "incometaxexpensebenefit": 2374000,
        "netincomeloss": 102918000,
        "netincomelossattributabletocommonstockholdersbasicanddiluted": 102918000,
        "earningspersharebasic": 0.6799999999999998,
        "earningspersharediluted": 0.6399999999999997,
        "weightedaveragenumberofsharesoutstandingbasic": -300281000,
        "weightedaveragenumberofdilutedsharesoutstanding": -321293000,
        "othercomprehensiveincomeunrealizedholdinggainlossonsecuritiesarisingduringperiodnetoftax": -213000,
        "othercomprehensiveincomeforeigncurrencytransactionandtranslationgainlossarisingduringperiodnetoftax": -2297000,
        "comprehensiveincomenetoftax": 100408000,
        "allocatedsharebasedcompensationexpense": 1140000
    },
    {
        "date": "2020-10-30",
        "symbol": "VEEV",
        "period": "Q3",
        "revenuefromcontractwithcustomerexcludingassessedtax": 302938000,
        "costofgoodsandservicessold": 45845000,
        "grossprofit": 274522000,
        "researchanddevelopmentexpense": 79992000,
        "sellingandmarketingexpense": 57982000,
        "generalandadministrativeexpense": 35243000,
        "operatingexpenses": 173217000,
        "operatingincomeloss": 101305000,
        "othernonoperatingincomeexpense": 3455000,
        "incomelossfromcontinuingoperationsbeforeincometaxesextraordinaryitemsnoncontrollinginterest": 104760000,
        "incometaxexpensebenefit": 7801000,
        "netincomeloss": 96959000,
        "netincomelossattributabletocommonstockholdersbasicanddiluted": 96959000,
        "earningspersharebasic": 0.64,
        "earningspersharediluted": 0.6,
        "weightedaveragenumberofsharesoutstandingbasic": 150993000,
        "weightedaveragenumberofdilutedsharesoutstanding": 161711000,
        "othercomprehensiveincomeunrealizedholdinggainlossonsecuritiesarisingduringperiodnetoftax": -1230000,
        "othercomprehensiveincomeforeigncurrencytransactionandtranslationgainlossarisingduringperiodnetoftax": -1438000,
        "comprehensiveincomenetoftax": 94291000,
        "allocatedsharebasedcompensationexpense": 1149000
    },
    {
        "date": "2020-07-30",
        "symbol": "VEEV",
        "period": "Q2",
        "revenuefromcontractwithcustomerexcludingassessedtax": 283502000,
        "costofgoodsandservicessold": 43400000,
        "grossprofit": 256479000,
        "researchanddevelopmentexpense": 70053000,
        "sellingandmarketingexpense": 59172000,
        "generalandadministrativeexpense": 37173000,
        "operatingexpenses": 166398000,
        "operatingincomeloss": 90081000,
        "othernonoperatingincomeexpense": 2881000,
        "incomelossfromcontinuingoperationsbeforeincometaxesextraordinaryitemsnoncontrollinginterest": 92962000,
        "incometaxexpensebenefit": -589000,
        "netincomeloss": 93551000,
        "netincomelossattributabletocommonstockholdersbasicanddiluted": 93551000,
        "earningspersharebasic": 0.62,
        "earningspersharediluted": 0.58,
        "weightedaveragenumberofsharesoutstandingbasic": 150413000,
        "weightedaveragenumberofdilutedsharesoutstanding": 160840000,
        "othercomprehensiveincomeunrealizedholdinggainlossonsecuritiesarisingduringperiodnetoftax": 1131000,
        "othercomprehensiveincomeforeigncurrencytransactionandtranslationgainlossarisingduringperiodnetoftax": 2893000,
        "comprehensiveincomenetoftax": 97575000,
        "allocatedsharebasedcompensationexpense": 1532000
    },
    {
        "date": "2020-04-29",
        "symbol": "VEEV",
        "period": "Q1",
        "revenuefromcontractwithcustomerexcludingassessedtax": 270235000,
        "costofgoodsandservicessold": 43212000,
        "grossprofit": 242226000,
        "researchanddevelopmentexpense": 62237000,
        "sellingandmarketingexpense": 55755000,
        "generalandadministrativeexpense": 36669000,
        "operatingexpenses": 154661000,
        "operatingincomeloss": 87565000,
        "othernonoperatingincomeexpense": 3414000,
        "incomelossfromcontinuingoperationsbeforeincometaxesextraordinaryitemsnoncontrollinginterest": 90979000,
        "incometaxexpensebenefit": 4409000,
        "netincomeloss": 86570000,
        "netincomelossattributabletocommonstockholdersbasicanddiluted": 86570000,
        "earningspersharebasic": 0.58,
        "earningspersharediluted": 0.54,
        "weightedaveragenumberofsharesoutstandingbasic": 149541000,
        "weightedaveragenumberofdilutedsharesoutstanding": 159474000,
        "othercomprehensiveincomeunrealizedholdinggainlossonsecuritiesarisingduringperiodnetoftax": 1297000,
        "othercomprehensiveincomeforeigncurrencytransactionandtranslationgainlossarisingduringperiodnetoftax": 389000,
        "comprehensiveincomenetoftax": 88256000,
        "allocatedsharebasedcompensationexpense": 1019000
    },
    {
        "date": "2020-01-30",
        "symbol": "VEEV",
        "period": "Q4",
        "revenuefromcontractwithcustomerexcludingassessedtax": 422806000,
        "costofgoodsandservicessold": 7381000,
        "grossprofit": 217189000,
        "researchanddevelopmentexpense": 61201000,
        "sellingandmarketingexpense": 59369000,
        "generalandadministrativeexpense": 36225000,
        "operatingexpenses": 156795000,
        "operatingincomeloss": 60394000,
        "othernonoperatingincomeexpense": 4844000,
        "incomelossfromcontinuingoperationsbeforeincometaxesextraordinaryitemsnoncontrollinginterest": 65238000,
        "incometaxexpensebenefit": -944000,
        "netincomeloss": 129834000,
        "netincomelossattributabletocommonstockholdersbasicanddiluted": 66182000,
        "earningspersharebasic": 0.43999999999999995,
        "earningspersharediluted": 0.4099999999999999,
        "weightedaveragenumberofsharesoutstandingbasic": -167440000,
        "weightedaveragenumberofdilutedsharesoutstanding": -189900000,
        "othercomprehensiveincomeunrealizedholdinggainlossonsecuritiesarisingduringperiodnetoftax": 212000,
        "othercomprehensiveincomeforeigncurrencytransactionandtranslationgainlossarisingduringperiodnetoftax": 74000,
        "comprehensiveincomenetoftax": 66468000,
        "allocatedsharebasedcompensationexpense": -19261000
    },
    {
        "date": "2019-10-30",
        "symbol": "VEEV",
        "period": "Q3",
        "allocatedsharebasedcompensationexpense": 560000,
        "revenuefromcontractwithcustomerexcludingassessedtax": 226760000,
        "costofgoodsandservicessold": 31964000,
        "grossprofit": 207592000,
        "researchanddevelopmentexpense": 52575000,
        "sellingandmarketingexpense": 45524000,
        "generalandadministrativeexpense": 28693000,
        "operatingexpenses": 126792000,
        "operatingincomeloss": 80800000,
        "othernonoperatingincomeexpense": 9141000,
        "incomelossfromcontinuingoperationsbeforeincometaxesextraordinaryitemsnoncontrollinginterest": 89941000,
        "incometaxexpensebenefit": 7696000,
        "netincomeloss": 82245000,
        "netincomelossattributabletocommonstockholdersbasicanddiluted": 82245000,
        "earningspersharebasic": 0.56,
        "earningspersharediluted": 0.52,
        "weightedaveragenumberofsharesoutstandingbasic": 148157000,
        "weightedaveragenumberofdilutedsharesoutstanding": 158750000,
        "othercomprehensiveincomeunrealizedholdinggainlossonsecuritiesarisingduringperiodnetoftax": 753000,
        "othercomprehensiveincomeforeigncurrencytransactionandtranslationgainlossarisingduringperiodnetoftax": -487000,
        "comprehensiveincomenetoftax": 82511000
    },
    {
        "date": "2019-07-30",
        "symbol": "VEEV",
        "period": "Q2",
        "allocatedsharebasedcompensationexpense": 583000,
        "revenuefromcontractwithcustomerexcludingassessedtax": 217312000,
        "costofgoodsandservicessold": 31480000,
        "grossprofit": 196682000,
        "researchanddevelopmentexpense": 51146000,
        "sellingandmarketingexpense": 45821000,
        "generalandadministrativeexpense": 25859000,
        "operatingexpenses": 122826000,
        "operatingincomeloss": 73856000,
        "othernonoperatingincomeexpense": 7332000,
        "incomelossfromcontinuingoperationsbeforeincometaxesextraordinaryitemsnoncontrollinginterest": 81188000,
        "incometaxexpensebenefit": 1946000,
        "netincomeloss": 79242000,
        "netincomelossattributabletocommonstockholdersbasicanddiluted": 79242000,
        "earningspersharebasic": 0.54,
        "earningspersharediluted": 0.5,
        "weightedaveragenumberofsharesoutstandingbasic": 147510000,
        "weightedaveragenumberofdilutedsharesoutstanding": 158675000,
        "othercomprehensiveincomeunrealizedholdinggainlossonsecuritiesarisingduringperiodnetoftax": 461000,
        "othercomprehensiveincomeforeigncurrencytransactionandtranslationgainlossarisingduringperiodnetoftax": -1742000,
        "comprehensiveincomenetoftax": 77961000
    },
    {
        "date": "2019-04-29",
        "symbol": "VEEV",
        "period": "Q1",
        "revenuefromcontractwithcustomerexcludingassessedtax": 29416000,
        "costofgoodsandservicessold": 65503000,
        "grossprofit": 179249000,
        "researchanddevelopmentexpense": 44973000,
        "sellingandmarketingexpense": 39617000,
        "generalandadministrativeexpense": 23490000,
        "operatingexpenses": 108080000,
        "operatingincomeloss": 71169000,
        "othernonoperatingincomeexpense": 6161000,
        "incomelossfromcontinuingoperationsbeforeincometaxesextraordinaryitemsnoncontrollinginterest": 77330000,
        "incometaxexpensebenefit": 3881000,
        "netincomeloss": 9797000,
        "netincomelossattributabletocommonstockholdersbasicanddiluted": 73449000,
        "earningspersharebasic": 0.5,
        "earningspersharediluted": 0.47,
        "weightedaveragenumberofsharesoutstandingbasic": 19569000,
        "weightedaveragenumberofdilutedsharesoutstanding": 30771000,
        "othercomprehensiveincomeunrealizedholdinggainlossonsecuritiesarisingduringperiodnetoftax": 962000,
        "othercomprehensiveincomeforeigncurrencytransactionandtranslationgainlossarisingduringperiodnetoftax": -702000,
        "comprehensiveincomenetoftax": 73709000,
        "allocatedsharebasedcompensationexpense": 20756000
    },
    {
        "date": "2019-01-30",
        "symbol": "VEEV",
        "period": "Q4",
        "grossprofit": 167797000,
        "researchanddevelopmentexpense": 42759000,
        "sellingandmarketingexpense": 38561000,
        "generalandadministrativeexpense": 23479000,
        "operatingexpenses": 104799000,
        "operatingincomeloss": 62998000,
        "othernonoperatingincomeexpense": 5690000,
        "incomelossfromcontinuingoperationsbeforeincometaxesextraordinaryitemsnoncontrollinginterest": 68688000,
        "incometaxexpensebenefit": -2463000,
        "netincomeloss": 10292000,
        "netincomelossattributabletocommonstockholdersbasicanddiluted": 71151000,
        "earningspersharebasic": 0.49000000000000016,
        "earningspersharediluted": 0.45,
        "weightedaveragenumberofsharesoutstandingbasic": -46189000,
        "weightedaveragenumberofdilutedsharesoutstanding": -69430000,
        "othercomprehensiveincomeunrealizedholdinggainlossonsecuritiesarisingduringperiodnetoftax": 714000,
        "othercomprehensiveincomeforeigncurrencytransactionandtranslationgainlossarisingduringperiodnetoftax": 1453000,
        "comprehensiveincomenetoftax": 73318000,
        "allocatedsharebasedcompensationexpense": 19778000
    },
    {
        "date": "2018-10-30",
        "symbol": "VEEV",
        "period": "Q3",
        "revenuefromcontractwithcustomerexcludingassessedtax": 30305000,
        "costofgoodsandservicessold": 61374000,
        "grossprofit": 163357000,
        "researchanddevelopmentexpense": 40001000,
        "sellingandmarketingexpense": 37699000,
        "generalandadministrativeexpense": 22563000,
        "operatingexpenses": 100263000,
        "operatingincomeloss": 63094000,
        "othernonoperatingincomeexpense": 4606000,
        "incomelossfromcontinuingoperationsbeforeincometaxesextraordinaryitemsnoncontrollinginterest": 67700000,
        "incometaxexpensebenefit": 3615000,
        "netincomeloss": 9493000,
        "netincomelossattributabletocommonstockholdersbasicanddiluted": 64085000,
        "earningspersharebasic": 0.44,
        "earningspersharediluted": 0.41,
        "weightedaveragenumberofsharesoutstandingbasic": 21440000,
        "weightedaveragenumberofdilutedsharesoutstanding": 32728000,
        "othercomprehensiveincomeunrealizedholdinggainlossonsecuritiesarisingduringperiodnetoftax": 33000,
        "othercomprehensiveincomeforeigncurrencytransactionandtranslationgainlossarisingduringperiodnetoftax": -1153000,
        "comprehensiveincomenetoftax": 62965000,
        "allocatedsharebasedcompensationexpense": 19918000
    },
    {
        "date": "2018-07-30",
        "symbol": "VEEV",
        "period": "Q2",
        "revenuefromcontractwithcustomerexcludingassessedtax": 25247000,
        "costofgoodsandservicessold": 59226000,
        "grossprofit": 150383000,
        "researchanddevelopmentexpense": 38826000,
        "sellingandmarketingexpense": 38222000,
        "generalandadministrativeexpense": 20517000,
        "operatingexpenses": 97565000,
        "operatingincomeloss": 52818000,
        "othernonoperatingincomeexpense": 3342000,
        "incomelossfromcontinuingoperationsbeforeincometaxesextraordinaryitemsnoncontrollinginterest": 56160000,
        "incometaxexpensebenefit": 5874000,
        "netincomeloss": 7960000,
        "netincomelossattributabletocommonstockholdersbasicanddiluted": 50286000,
        "earningspersharebasic": 0.35,
        "earningspersharediluted": 0.32,
        "weightedaveragenumberofsharesoutstandingbasic": 22754000,
        "weightedaveragenumberofdilutedsharesoutstanding": 34422000,
        "othercomprehensiveincomeunrealizedholdinggainlossonsecuritiesarisingduringperiodnetoftax": 357000,
        "othercomprehensiveincomeforeigncurrencytransactionandtranslationgainlossarisingduringperiodnetoftax": -1572000,
        "comprehensiveincomenetoftax": 49071000,
        "allocatedsharebasedcompensationexpense": 19718000
    },
    {
        "date": "2018-04-29",
        "symbol": "VEEV",
        "period": "Q1",
        "subscriptionrevenue": 156003000,
        "technologyservicesrevenue": 39544000,
        "revenues": 29288000,
        "costofgoodssoldsubscription": 29913000,
        "technologyservicescosts": 30242000,
        "costofrevenue": 60155000,
        "grossprofit": 135392000,
        "researchanddevelopmentexpense": 37197000,
        "sellingandmarketingexpense": 34385000,
        "generalandadministrativeexpense": 19854000,
        "operatingexpenses": 91436000,
        "operatingincomeloss": 43956000,
        "othernonoperatingincomeexpense": 2139000,
        "incomelossfromcontinuingoperationsbeforeincometaxesextraordinaryitemsnoncontrollinginterest": 46095000,
        "incometaxexpensebenefit": 1785000,
        "netincomeloss": 7480000,
        "netincomelossattributabletocommonstockholdersbasicanddiluted": 44310000,
        "earningspersharebasic": 0.31,
        "earningspersharediluted": 0.29,
        "weightedaveragenumberofsharesoutstandingbasic": 24102000,
        "weightedaveragenumberofdilutedsharesoutstanding": 36260000,
        "othercomprehensiveincomeunrealizedholdinggainlossonsecuritiesarisingduringperiodnetoftax": 305000,
        "othercomprehensiveincomeforeigncurrencytransactionandtranslationgainlossarisingduringperiodnetoftax": -809000,
        "comprehensiveincomenetoftax": 43806000,
        "allocatedsharebasedcompensationexpense": 17011000
    },
    {
        "date": "2017-10-30",
        "symbol": "VEEV",
        "period": "Q3",
        "subscriptionrevenue": 141943000,
        "technologyservicesrevenue": 34206000,
        "revenues": 27638000,
        "costofgoodssoldsubscription": 27758000,
        "technologyservicescosts": 25478000,
        "costofrevenue": 53236000,
        "grossprofit": 122913000,
        "researchanddevelopmentexpense": 34042000,
        "sellingandmarketingexpense": 31856000,
        "generalandadministrativeexpense": 15347000,
        "operatingexpenses": 81245000,
        "operatingincomeloss": 41668000,
        "othernonoperatingincomeexpense": 1360000,
        "incomelossfromcontinuingoperationsbeforeincometaxesextraordinaryitemsnoncontrollinginterest": 43028000,
        "incometaxexpensebenefit": 8635000,
        "netincomeloss": 6364000,
        "netincomelossattributabletocommonstockholdersbasicanddiluted": 34393000,
        "earningspersharebasic": 0.24,
        "earningspersharediluted": 0.22,
        "weightedaveragenumberofsharesoutstandingbasic": 26063000,
        "weightedaveragenumberofdilutedsharesoutstanding": 39462000,
        "othercomprehensiveincomeunrealizedholdinggainlossonsecuritiesarisingduringperiodnetoftax": -243000,
        "othercomprehensiveincomeforeigncurrencytransactionandtranslationgainlossarisingduringperiodnetoftax": -6000,
        "comprehensiveincomenetoftax": 34144000,
        "allocatedsharebasedcompensationexpense": 14018000
    },
    {
        "date": "2017-07-30",
        "symbol": "VEEV",
        "period": "Q2",
        "subscriptionrevenue": 134340000,
        "technologyservicesrevenue": 32245000,
        "revenues": 25507000,
        "costofgoodssoldsubscription": 26800000,
        "technologyservicescosts": 23604000,
        "costofrevenue": 50404000,
        "grossprofit": 116181000,
        "researchanddevelopmentexpense": 32691000,
        "sellingandmarketingexpense": 32017000,
        "generalandadministrativeexpense": 14575000,
        "operatingexpenses": 79283000,
        "operatingincomeloss": 36898000,
        "othernonoperatingincomeexpense": 2858000,
        "incomelossfromcontinuingoperationsbeforeincometaxesextraordinaryitemsnoncontrollinginterest": 39756000,
        "incometaxexpensebenefit": 1912000,
        "netincomeloss": 7629000,
        "netincomelossattributabletocommonstockholdersbasicanddiluted": 37844000,
        "earningspersharebasic": 0.27,
        "earningspersharediluted": 0.25,
        "weightedaveragenumberofsharesoutstandingbasic": 28224000,
        "weightedaveragenumberofdilutedsharesoutstanding": 41992000,
        "othercomprehensiveincomeunrealizedholdinggainlossonsecuritiesarisingduringperiodnetoftax": 34000,
        "othercomprehensiveincomeforeigncurrencytransactionandtranslationgainlossarisingduringperiodnetoftax": 327000,
        "comprehensiveincomenetoftax": 38205000,
        "allocatedsharebasedcompensationexpense": 13380000
    },
    {
        "date": "2017-04-29",
        "symbol": "VEEV",
        "period": "Q1",
        "subscriptionrevenue": 127277000,
        "technologyservicesrevenue": 30641000,
        "revenues": 24153000,
        "costofgoodssoldsubscription": 26138000,
        "technologyservicescosts": 22744000,
        "costofrevenue": 48882000,
        "grossprofit": 109036000,
        "researchanddevelopmentexpense": 28311000,
        "sellingandmarketingexpense": 29810000,
        "generalandadministrativeexpense": 13576000,
        "operatingexpenses": 71697000,
        "operatingincomeloss": 37339000,
        "othernonoperatingincomeexpense": 591000,
        "incomelossfromcontinuingoperationsbeforeincometaxesextraordinaryitemsnoncontrollinginterest": 37930000,
        "incometaxexpensebenefit": 1907000,
        "netincomeloss": 8033000,
        "netincomelossattributabletocommonstockholdersbasicanddiluted": 36023000,
        "earningspersharebasic": 0.26,
        "earningspersharediluted": 0.24,
        "weightedaveragenumberofsharesoutstandingbasic": 30572000,
        "weightedaveragenumberofdilutedsharesoutstanding": 44532000,
        "othercomprehensiveincomeunrealizedholdinggainlossonsecuritiesarisingduringperiodnetoftax": -106000,
        "othercomprehensiveincomeforeigncurrencytransactionandtranslationgainlossarisingduringperiodnetoftax": 905000,
        "comprehensiveincomenetoftax": 36822000,
        "allocatedsharebasedcompensationexpense": 11788000
    },
    {
        "date": "2016-10-30",
        "symbol": "VEEV",
        "period": "Q3",
        "subscriptionrevenue": 113575000,
        "technologyservicesrevenue": 29204000,
        "revenues": 22895000,
        "costofgoodssoldsubscription": 24233000,
        "technologyservicescosts": 19692000,
        "costofrevenue": 43925000,
        "grossprofit": 98854000,
        "researchanddevelopmentexpense": 25012000,
        "sellingandmarketingexpense": 28391000,
        "generalandadministrativeexpense": 11641000,
        "operatingexpenses": 65044000,
        "operatingincomeloss": 33810000,
        "othernonoperatingincomeexpense": 525000,
        "incomelossfromcontinuingoperationsbeforeincometaxesextraordinaryitemsnoncontrollinginterest": 34335000,
        "incometaxexpensebenefit": 12705000,
        "netincomeloss": 5440000,
        "netincomelossattributabletocommonstockholdersbasicanddiluted": 21630000,
        "earningspersharebasic": 0.16,
        "earningspersharediluted": 0.15,
        "weightedaveragenumberofsharesoutstandingbasic": 34110000,
        "weightedaveragenumberofdilutedsharesoutstanding": 45922000,
        "othercomprehensiveincomeunrealizedholdinggainlossonsecuritiesarisingduringperiodnetoftax": -229000,
        "othercomprehensiveincomeforeigncurrencytransactionandtranslationgainlossarisingduringperiodnetoftax": -321000,
        "comprehensiveincomenetoftax": 21080000,
        "allocatedsharebasedcompensationexpense": 10955000
    },
    {
        "date": "2016-07-30",
        "symbol": "VEEV",
        "period": "Q2",
        "subscriptionrevenue": 105211000,
        "technologyservicesrevenue": 26136000,
        "revenues": 20687000,
        "costofgoodssoldsubscription": 23108000,
        "technologyservicescosts": 19087000,
        "costofrevenue": 42195000,
        "grossprofit": 89152000,
        "researchanddevelopmentexpense": 23563000,
        "sellingandmarketingexpense": 28908000,
        "generalandadministrativeexpense": 12859000,
        "operatingexpenses": 65330000,
        "operatingincomeloss": 23822000,
        "othernonoperatingincomeexpense": -1362000,
        "incomelossfromcontinuingoperationsbeforeincometaxesextraordinaryitemsnoncontrollinginterest": 22460000,
        "incometaxexpensebenefit": 9502000,
        "netincomeloss": 3577000,
        "netincomelossattributabletocommonstockholdersbasicanddiluted": 12957000,
        "earningspersharebasic": 0.1,
        "earningspersharediluted": 0.09,
        "weightedaveragenumberofsharesoutstandingbasic": 37303000,
        "weightedaveragenumberofdilutedsharesoutstanding": 49332000,
        "othercomprehensiveincomeunrealizedholdinggainlossonsecuritiesarisingduringperiodnetoftax": 98000,
        "othercomprehensiveincomeforeigncurrencytransactionandtranslationgainlossarisingduringperiodnetoftax": 312000,
        "comprehensiveincomenetoftax": 13368000,
        "allocatedsharebasedcompensationexpense": 10014000
    },
    {
        "date": "2016-04-29",
        "symbol": "VEEV",
        "period": "Q1",
        "subscriptionrevenue": 96032000,
        "technologyservicesrevenue": 23732000,
        "revenues": 19511000,
        "costofgoodssoldsubscription": 21745000,
        "technologyservicescosts": 19346000,
        "costofrevenue": 41091000,
        "grossprofit": 78673000,
        "researchanddevelopmentexpense": 22073000,
        "sellingandmarketingexpense": 26723000,
        "generalandadministrativeexpense": 12071000,
        "operatingexpenses": 60867000,
        "operatingincomeloss": 17806000,
        "othernonoperatingincomeexpense": 2747000,
        "incomelossfromcontinuingoperationsbeforeincometaxesextraordinaryitemsnoncontrollinginterest": 20553000,
        "incometaxexpensebenefit": 8044000,
        "netincomeloss": 4105000,
        "netincomelossattributabletocommonstockholdersbasicanddiluted": 12505000,
        "earningspersharebasic": 0.09,
        "earningspersharediluted": 0.09,
        "weightedaveragenumberofsharesoutstandingbasic": 43976000,
        "weightedaveragenumberofdilutedsharesoutstanding": 55688000,
        "othercomprehensiveincomeunrealizedholdinggainlossonsecuritiesarisingduringperiodnetoftax": 174000,
        "othercomprehensiveincomeforeigncurrencytransactionandtranslationgainlossarisingduringperiodnetoftax": 113000,
        "comprehensiveincomenetoftax": 12796000,
        "allocatedsharebasedcompensationexpense": 8143000
    },
    {
        "date": "2015-10-30",
        "symbol": "VEEV",
        "period": "Q3",
        "subscriptionrevenue": 81736000,
        "technologyservicesrevenue": 25185000,
        "revenues": 18574000,
        "costofgoodssoldsubscription": 18273000,
        "technologyservicescosts": 18739000,
        "costofrevenue": 37012000,
        "grossprofit": 69909000,
        "researchanddevelopmentexpense": 17667000,
        "sellingandmarketingexpense": 20345000,
        "generalandadministrativeexpense": 11797000,
        "operatingexpenses": 49809000,
        "operatingincomeloss": 20100000,
        "othernonoperatingincomeexpense": 110000,
        "incomelossfromcontinuingoperationsbeforeincometaxesextraordinaryitemsnoncontrollinginterest": 20210000,
        "incometaxexpensebenefit": 9728000,
        "netincomeloss": 4326000,
        "netincomelossattributabletocommonstockholdersbasicanddiluted": 10473000,
        "earningspersharebasic": 0.08,
        "earningspersharediluted": 0.07,
        "weightedaveragenumberofsharesoutstandingbasic": 54654000,
        "weightedaveragenumberofdilutedsharesoutstanding": 67304000,
        "othercomprehensiveincomeunrealizedholdinggainlossonsecuritiesarisingduringperiodnetoftax": -34000,
        "othercomprehensiveincomeforeigncurrencytransactionandtranslationgainlossarisingduringperiodnetoftax": 79000,
        "comprehensiveincomenetoftax": 10527000,
        "allocatedsharebasedcompensationexpense": 6691000
    },
    {
        "date": "2015-07-30",
        "symbol": "VEEV",
        "period": "Q2",
        "subscriptionrevenue": 75280000,
        "technologyservicesrevenue": 22827000,
        "revenues": 18162000,
        "costofgoodssoldsubscription": 16819000,
        "technologyservicescosts": 16654000,
        "costofrevenue": 33473000,
        "grossprofit": 64634000,
        "researchanddevelopmentexpense": 15255000,
        "sellingandmarketingexpense": 18057000,
        "generalandadministrativeexpense": 8969000,
        "operatingexpenses": 42281000,
        "operatingincomeloss": 22353000,
        "othernonoperatingincomeexpense": -445000,
        "incomelossfromcontinuingoperationsbeforeincometaxesextraordinaryitemsnoncontrollinginterest": 21908000,
        "incometaxexpensebenefit": 8502000,
        "netincomeloss": 5956000,
        "netincomelossattributabletocommonstockholdersbasicanddiluted": 13390000,
        "earningspersharebasic": 0.1,
        "earningspersharediluted": 0.09,
        "weightedaveragenumberofsharesoutstandingbasic": 58553000,
        "weightedaveragenumberofdilutedsharesoutstanding": 71625000,
        "othercomprehensiveincomeunrealizedholdinggainlossonsecuritiesarisingduringperiodnetoftax": -76000,
        "othercomprehensiveincomeforeigncurrencytransactionandtranslationgainlossarisingduringperiodnetoftax": 41000,
        "comprehensiveincomenetoftax": 13371000,
        "allocatedsharebasedcompensationexpense": 5611000
    },
    {
        "date": "2015-04-29",
        "symbol": "VEEV",
        "period": "Q1",
        "subscriptionrevenue": 68894000,
        "technologyservicesrevenue": 21029000,
        "revenues": 15739000,
        "costofgoodssoldsubscription": 15873000,
        "technologyservicescosts": 16112000,
        "costofrevenue": 31985000,
        "grossprofit": 57938000,
        "researchanddevelopmentexpense": 12957000,
        "sellingandmarketingexpense": 15496000,
        "generalandadministrativeexpense": 8560000,
        "operatingexpenses": 37013000,
        "operatingincomeloss": 20925000,
        "othernonoperatingincomeexpense": 763000,
        "incomelossfromcontinuingoperationsbeforeincometaxesminorityinterestandincomelossfromequitymethodinvestments": 21688000,
        "incometaxexpensebenefit": 8706000,
        "netincomeloss": 6145000,
        "netincomelossattributabletocommonstockholdersbasicanddiluted": 12964000,
        "earningspersharebasic": 0.1,
        "earningspersharediluted": 0.09,
        "weightedaveragenumberofsharesoutstandingbasic": 62085000,
        "weightedaveragenumberofdilutedsharesoutstanding": 75656000,
        "othercomprehensiveincomeunrealizedholdinggainlossonsecuritiesarisingduringperiodnetoftax": -3000,
        "othercomprehensiveincomeforeigncurrencytransactionandtranslationgainlossarisingduringperiodnetoftax": -8000,
        "comprehensiveincomenetoftax": 12971000,
        "allocatedsharebasedcompensationexpense": 4799000
    },
    {
        "date": "2014-10-30",
        "symbol": "VEEV",
        "period": "Q3",
        "subscriptionrevenue": 61435000,
        "technologyservicesrevenue": 22390000,
        "revenues": 15443000,
        "costofgoodssoldsubscription": 14409000,
        "technologyservicescosts": 16007000,
        "costofrevenue": 30416000,
        "grossprofit": 53409000,
        "researchanddevelopmentexpense": 10635000,
        "sellingandmarketingexpense": 14251000,
        "generalandadministrativeexpense": 8582000,
        "operatingexpenses": 33468000,
        "operatingincomeloss": 19941000,
        "othernonoperatingincomeexpense": -989000,
        "incomelossfromcontinuingoperationsbeforeincometaxesminorityinterestandincomelossfromequitymethodinvestments": 18952000,
        "incometaxexpensebenefit": 8694000,
        "netincomeloss": 5900000,
        "netincomelossavailabletocommonstockholdersbasic": 5865000,
        "netincomelossavailabletocommonstockholdersdiluted": 6318000,
        "earningspersharebasic": 0.08,
        "earningspersharediluted": 0.07,
        "weightedaveragenumberofsharesoutstandingbasic": 74315000,
        "weightedaveragenumberofdilutedsharesoutstanding": 89392000,
        "othercomprehensiveincomeunrealizedholdinggainlossonsecuritiesarisingduringperiodnetoftax": 97000,
        "othercomprehensiveincomeforeigncurrencytransactionandtranslationgainlossarisingduringperiodnetoftax": -15000,
        "comprehensiveincomenetoftax": 10340000,
        "allocatedsharebasedcompensationexpense": 3585000
    },
    {
        "date": "2014-07-30",
        "symbol": "VEEV",
        "period": "Q2",
        "subscriptionrevenue": 56572000,
        "technologyservicesrevenue": 19092000,
        "revenues": 13752000,
        "costofgoodssoldsubscription": 13346000,
        "technologyservicescosts": 14790000,
        "costofrevenue": 28136000,
        "grossprofit": 47528000,
        "researchanddevelopmentexpense": 9787000,
        "sellingandmarketingexpense": 13810000,
        "generalandadministrativeexpense": 7146000,
        "operatingexpenses": 30743000,
        "operatingincomeloss": 16785000,
        "othernonoperatingexpense": 101000,
        "incomelossfromcontinuingoperationsbeforeincometaxesextraordinaryitemsnoncontrollinginterest": 16684000,
        "incometaxexpensebenefit": 7106000,
        "netincomeloss": 6248000,
        "netincomelossattributabletocommonstockholdersbasicanddiluted": 9490000,
        "earningspersharebasic": 0.07,
        "earningspersharediluted": 0.07,
        "weightedaveragenumberofsharesoutstandingbasic": 83053000,
        "weightedaveragenumberofdilutedsharesoutstanding": 99092000,
        "othercomprehensiveincomeunrealizedholdinggainlossonsecuritiesarisingduringperiodnetoftax": -114000,
        "othercomprehensiveincomeforeigncurrencytransactionandtranslationgainlossarisingduringperiodnetoftax": -23000,
        "comprehensiveincomenetoftax": 9441000,
        "allocatedsharebasedcompensationexpense": 3400000
    },
    {
        "date": "2014-04-29",
        "symbol": "VEEV",
        "period": "Q1",
        "subscriptionrevenue": 48521000,
        "technologyservicesrevenue": 18200000,
        "revenues": 12697000,
        "costofgoodssoldsubscription": 12040000,
        "technologyservicescosts": 13910000,
        "costofrevenue": 25950000,
        "grossprofit": 40771000,
        "researchanddevelopmentexpense": 8992000,
        "sellingandmarketingexpense": 12814000,
        "generalandadministrativeexpense": 6408000,
        "operatingexpenses": 28214000,
        "operatingincomeloss": 12557000,
        "othernonoperatingexpense": 30000,
        "incomelossfromcontinuingoperationsbeforeincometaxesextraordinaryitemsnoncontrollinginterest": 12527000,
        "incometaxexpensebenefit": 5306000,
        "netincomeloss": 1258000,
        "netincomelossattributabletocommonstockholdersbasicanddiluted": 7128000,
        "earningspersharebasic": 0.06,
        "earningspersharediluted": 0.05,
        "weightedaveragenumberofsharesoutstandingbasic": 21589000,
        "weightedaveragenumberofdilutedsharesoutstanding": 142849000,
        "othercomprehensiveincomeunrealizedholdinggainlossonsecuritiesarisingduringperiodnetoftax": 46000,
        "othercomprehensiveincomeforeigncurrencytransactionandtranslationgainlossarisingduringperiodnetoftax": -34000,
        "comprehensiveincomenetoftax": 7233000,
        "allocatedsharebasedcompensationexpense": 53000
    },
    {
        "date": "2013-10-30",
        "symbol": "VEEV",
        "period": "Q3",
        "subscriptionrevenue": 38935000,
        "technologyservicesrevenue": 16044000,
        "revenues": 9247000,
        "costofgoodssoldsubscription": 9511000,
        "technologyservicescosts": 11881000,
        "costofrevenue": 21392000,
        "grossprofit": 33587000,
        "researchanddevelopmentexpense": 6585000,
        "sellingandmarketingexpense": 11467000,
        "generalandadministrativeexpense": 5550000,
        "operatingexpenses": 23602000,
        "operatingincomeloss": 9985000,
        "othernonoperatingincomeexpense": 125000,
        "incomelossfromcontinuingoperationsbeforeincometaxesextraordinaryitemsnoncontrollinginterest": 10110000,
        "incometaxexpensebenefit": 3585000,
        "netincomeloss": 328000,
        "netincomelossavailabletocommonstockholdersbasic": 118000,
        "netincomelossavailabletocommonstockholdersdiluted": 6387000,
        "earningspersharebasic": 0.07,
        "earningspersharediluted": 0.05,
        "weightedaveragenumberofsharesoutstandingbasic": 1800000,
        "weightedaveragenumberofdilutedsharesoutstanding": 131963000,
        "othercomprehensiveincomeunrealizedholdinggainlossonsecuritiesarisingduringperiodnetoftax": 8000,
        "comprehensiveincomenetoftax": 6533000,
        "allocatedsharebasedcompensationexpense": 49000
    }
]