[
    {
        "date": "2024-03-30",
        "symbol": "NRG",
        "period": "Q1",
        "revenues": 7429000000,
        "costofgoodsandserviceexcludingdepreciationdepletionandamortization": 5685000000,
        "depreciationdepletionandamortization": 268000000,
        "sellinggeneralandadministrativeexpense": 591000000,
        "businesscombinationacquisitionandintegrationcosts": 9000000,
        "costsandexpenses": 6553000000,
        "gainlossonsaleofotherassets": -4000000,
        "operatingincomeloss": 872000000,
        "incomelossfromequitymethodinvestments": 3000000,
        "othernonoperatingincomeexpense": 30000000,
        "gainslossesonextinguishmentofdebt": -58000000,
        "interestexpense": 152000000,
        "nonoperatingincomeexpense": -177000000,
        "incomelossfromcontinuingoperationsbeforeincometaxesextraordinaryitemsnoncontrollinginterest": 695000000,
        "incometaxexpensebenefit": 184000000,
        "profitloss": 511000000,
        "preferredstockdividendsincomestatementimpact": 17000000,
        "netincomelossavailabletocommonstockholdersbasic": 494000000,
        "netincomelossavailabletocommonstockholdersdiluted": 494000000,
        "weightedaveragenumberofsharesoutstandingbasic": 209000000,
        "earningspersharebasic": 2.36,
        "weightedaveragenumberofdilutedsharesoutstanding": 214000000,
        "earningspersharediluted": 2.31,
        "othercomprehensiveincomelossforeigncurrencytransactionandtranslationadjustmentnetoftax": -8000000,
        "othercomprehensiveincomelosspensionandotherpostretirementbenefitplansadjustmentnetoftax": 1000000,
        "othercomprehensiveincomelossnetoftax": -9000000,
        "comprehensiveincomenetoftaxincludingportionattributabletononcontrollinginterest": 502000000
    },
    {
        "date": "2023-12-30",
        "symbol": "NRG",
        "period": "Q4",
        "revenues": 20819000000,
        "costofgoodsandserviceexcludingdepreciationdepletionandamortization": 6365000000,
        "depreciationdepletionandamortization": 801000000,
        "sellinggeneralandadministrativeexpense": 382000000,
        "businesscombinationacquisitionandintegrationcosts": 8000000,
        "costsandexpenses": 7346000000,
        "operatingincomeloss": 837000000,
        "incomelossfromequitymethodinvestments": 0,
        "othernonoperatingincomeexpense": 4000000,
        "interestexpense": 195000000,
        "nonoperatingincomeexpense": -184000000,
        "incomelossfromcontinuingoperationsbeforeincometaxesextraordinaryitemsnoncontrollinginterest": -321000000,
        "incometaxexpensebenefit": 171000000,
        "profitloss": 482000000,
        "preferredstockdividendsincomestatementimpact": 16000000,
        "netincomelossavailabletocommonstockholdersbasic": 466000000,
        "netincomelossavailabletocommonstockholdersdiluted": 466000000,
        "earningspersharebasic": 2.0199999999999996,
        "earningspersharediluted": 2.0299999999999994,
        "othercomprehensiveincomelossforeigncurrencytransactionandtranslationadjustmentnetoftax": 9000000,
        "othercomprehensiveincomelossnetoftax": 39000000,
        "comprehensiveincomenetoftaxincludingportionattributabletononcontrollinginterest": 521000000
    },
    {
        "date": "2023-09-29",
        "symbol": "NRG",
        "period": "Q3",
        "revenues": 7946000000,
        "costofgoodsandserviceexcludingdepreciationdepletionandamortization": 6421000000,
        "depreciationdepletionandamortization": 308000000,
        "sellinggeneralandadministrativeexpense": 638000000,
        "businesscombinationacquisitionandintegrationcosts": 18000000,
        "costsandexpenses": 7385000000,
        "operatingincomeloss": 561000000,
        "incomelossfromequitymethodinvestments": 6000000,
        "othernonoperatingincomeexpense": 14000000,
        "interestexpense": 173000000,
        "nonoperatingincomeexpense": -153000000,
        "incomelossfromcontinuingoperationsbeforeincometaxesextraordinaryitemsnoncontrollinginterest": 408000000,
        "incometaxexpensebenefit": 65000000,
        "profitloss": 343000000,
        "preferredstockdividendsincomestatementimpact": 17000000,
        "netincomelossavailabletocommonstockholdersbasic": 326000000,
        "netincomelossavailabletocommonstockholdersdiluted": 326000000,
        "weightedaveragenumberofsharesoutstandingbasic": 230000000,
        "weightedaveragenumberofdilutedsharesoutstanding": 232000000,
        "earningspersharebasic": 1.42,
        "earningspersharediluted": 1.41,
        "othercomprehensiveincomelossforeigncurrencytransactionandtranslationadjustmentnetoftax": -8000000,
        "othercomprehensiveincomelosspensionandotherpostretirementbenefitplansadjustmentnetoftax": -1000000,
        "othercomprehensiveincomelossnetoftax": -7000000,
        "comprehensiveincomenetoftaxincludingportionattributabletononcontrollinginterest": 336000000
    },
    {
        "date": "2023-06-29",
        "symbol": "NRG",
        "period": "Q2",
        "revenues": 68000000,
        "costofgoodsandserviceexcludingdepreciationdepletionandamortization": 4962000000,
        "depreciationdepletionandamortization": 9000000,
        "sellinggeneralandadministrativeexpense": 522000000,
        "businesscombinationacquisitionandintegrationcosts": 22000000,
        "costsandexpenses": 5821000000,
        "gainlossonsaleofotherassets": 3000000,
        "operatingincomeloss": 530000000,
        "incomelossfromequitymethodinvestments": 5000000,
        "othernonoperatingincomeexpense": 13000000,
        "interestexpense": 151000000,
        "nonoperatingincomeexpense": -133000000,
        "incomelossfromcontinuingoperationsbeforeincometaxesextraordinaryitemsnoncontrollinginterest": -137000000,
        "incometaxexpensebenefit": 89000000,
        "profitloss": 308000000,
        "preferredstockdividendsincomestatementimpact": 17000000,
        "netincomelossavailabletocommonstockholdersbasic": 291000000,
        "netincomelossavailabletocommonstockholdersdiluted": 291000000,
        "weightedaveragenumberofsharesoutstandingbasic": 0,
        "weightedaveragenumberofdilutedsharesoutstanding": 0,
        "earningspersharebasic": 1.2600000000000007,
        "earningspersharediluted": 1.2600000000000007,
        "othercomprehensiveincomelossforeigncurrencytransactionandtranslationadjustmentnetoftax": 7000000,
        "othercomprehensiveincomelossnetoftax": 6000000,
        "comprehensiveincomenetoftaxincludingportionattributabletononcontrollinginterest": 314000000
    },
    {
        "date": "2023-03-30",
        "symbol": "NRG",
        "period": "Q1",
        "revenues": -10000000,
        "costofgoodsandserviceexcludingdepreciationdepletionandamortization": 8778000000,
        "depreciationdepletionandamortization": 9000000,
        "sellinggeneralandadministrativeexpense": 426000000,
        "businesscombinationacquisitionandintegrationcosts": 71000000,
        "costsandexpenses": 9465000000,
        "gainlossonsaleofotherassets": 199000000,
        "operatingincomeloss": -1544000000,
        "incomelossfromequitymethodinvestments": 5000000,
        "othernonoperatingincomeexpense": 16000000,
        "interestexpense": 148000000,
        "nonoperatingincomeexpense": -127000000,
        "incomelossfromcontinuingoperationsbeforeincometaxesextraordinaryitemsnoncontrollinginterest": -163000000,
        "incometaxexpensebenefit": -336000000,
        "profitloss": -1335000000,
        "preferredstockdividendsincomestatementimpact": 4000000,
        "netincomelossavailabletocommonstockholdersbasic": -1339000000,
        "netincomelossavailabletocommonstockholdersdiluted": -1339000000,
        "weightedaveragenumberofsharesoutstandingbasic": 230000000,
        "weightedaveragenumberofdilutedsharesoutstanding": 230000000,
        "earningspersharebasic": -5.82,
        "earningspersharediluted": -5.82,
        "othercomprehensiveincomelossforeigncurrencytransactionandtranslationadjustmentnetoftax": 1000000,
        "othercomprehensiveincomelossnetoftax": 1000000,
        "comprehensiveincomenetoftaxincludingportionattributabletononcontrollinginterest": -1334000000
    },
    {
        "date": "2022-12-30",
        "symbol": "NRG",
        "period": "Q4",
        "revenues": -1104000000,
        "costofgoodsandserviceexcludingdepreciationdepletionandamortization": 8827000000,
        "depreciationdepletionandamortization": 8000000,
        "sellinggeneralandadministrativeexpense": 255000000,
        "provisionfordoubtfulaccounts": -229000000,
        "businesscombinationacquisitionandintegrationcosts": 26000000,
        "costsandexpenses": -20387000000,
        "gainlossonsaleofotherassets": -54000000,
        "operatingincomeloss": -3455000000,
        "incomelossfromequitymethodinvestments": 6000000,
        "interestexpense": -329000000,
        "nonoperatingincomeexpense": -75000000,
        "incomelossfromcontinuingoperationsbeforeincometaxesextraordinaryitemsnoncontrollinginterest": -113000000,
        "incometaxexpensebenefit": -355000000,
        "profitloss": -1095000000,
        "weightedaveragenumberofsharesoutstandingbasic": -478000000,
        "earningspersharebasic": -4.45,
        "weightedaveragenumberofdilutedsharesoutstanding": -478000000,
        "earningspersharediluted": -4.45,
        "othercomprehensiveincomelossforeigncurrencytransactionandtranslationadjustmentnetoftax": 10000000,
        "othercomprehensiveincomelosspensionandotherpostretirementbenefitplansadjustmentnetoftax": 33000000,
        "othercomprehensiveincomelossnetoftax": -23000000,
        "comprehensiveincomenetoftaxincludingportionattributabletononcontrollinginterest": -1118000000
    },
    {
        "date": "2022-09-29",
        "symbol": "NRG",
        "period": "Q3",
        "revenues": 12000000,
        "costofgoodsandserviceexcludingdepreciationdepletionandamortization": 7802000000,
        "depreciationdepletionandamortization": 7000000,
        "assetimpairmentcharges": 43000000,
        "sellinggeneralandadministrativeexpense": 326000000,
        "provisionfordoubtfulaccounts": 52000000,
        "businesscombinationacquisitionandintegrationcosts": 8000000,
        "costsandexpenses": 8376000000,
        "gainlossonsaleofotherassets": 22000000,
        "operatingincomeloss": 156000000,
        "incomelossfromequitymethodinvestments": 12000000,
        "othernonoperatingincomeexpense": 21000000,
        "interestexpense": 105000000,
        "nonoperatingincomeexpense": -73000000,
        "incomelossfromcontinuingoperationsbeforeincometaxesextraordinaryitemsnoncontrollinginterest": -103000000,
        "incometaxexpensebenefit": 16000000,
        "profitloss": 67000000,
        "weightedaveragenumberofsharesoutstandingbasic": 235000000,
        "weightedaveragenumberofdilutedsharesoutstanding": 235000000,
        "earningspersharebasic": 0.29,
        "earningspersharediluted": 0.29,
        "othercomprehensiveincomelossforeigncurrencytransactionandtranslationadjustmentnetoftax": -32000000,
        "othercomprehensiveincomelosspensionandotherpostretirementbenefitplansadjustmentnetoftax": 2000000,
        "othercomprehensiveincomelossnetoftax": -34000000,
        "comprehensiveincomenetoftaxincludingportionattributabletononcontrollinginterest": 33000000
    },
    {
        "date": "2022-06-29",
        "symbol": "NRG",
        "period": "Q2",
        "revenues": 1070000000,
        "costofgoodsandserviceexcludingdepreciationdepletionandamortization": 5887000000,
        "depreciationdepletionandamortization": 8000000,
        "assetimpairmentcharges": 155000000,
        "sellinggeneralandadministrativeexpense": 325000000,
        "provisionfordoubtfulaccounts": 26000000,
        "businesscombinationacquisitionandintegrationcosts": 10000000,
        "costsandexpenses": 6560000000,
        "gainlossonsaleofotherassets": 32000000,
        "operatingincomeloss": 754000000,
        "incomelossfromequitymethodinvestments": 4000000,
        "othernonoperatingincomeexpense": 12000000,
        "interestexpense": 105000000,
        "nonoperatingincomeexpense": -89000000,
        "incomelossfromcontinuingoperationsbeforeincometaxesextraordinaryitemsnoncontrollinginterest": -119000000,
        "incometaxexpensebenefit": 152000000,
        "profitloss": 513000000,
        "weightedaveragenumberofsharesoutstandingbasic": 237000000,
        "weightedaveragenumberofdilutedsharesoutstanding": 237000000,
        "earningspersharebasic": 2.16,
        "earningspersharediluted": 2.16,
        "othercomprehensiveincomelossforeigncurrencytransactionandtranslationadjustmentnetoftax": -22000000,
        "othercomprehensiveincomelosspensionandotherpostretirementbenefitplansadjustmentnetoftax": -20000000,
        "othercomprehensiveincomelossnetoftax": -2000000,
        "comprehensiveincomenetoftaxincludingportionattributabletononcontrollinginterest": 511000000
    },
    {
        "date": "2022-03-30",
        "symbol": "NRG",
        "period": "Q1",
        "revenues": 17000000,
        "costofgoodsandserviceexcludingdepreciationdepletionandamortization": 4930000000,
        "depreciationdepletionandamortization": 8000000,
        "sellinggeneralandadministrativeexpense": 322000000,
        "provisionfordoubtfulaccounts": 25000000,
        "businesscombinationacquisitionandintegrationcosts": 8000000,
        "costsandexpenses": 5468000000,
        "gainlossonsaleofotherassets": -3000000,
        "operatingincomeloss": 2425000000,
        "incomelossfromequitymethodinvestments": -14000000,
        "interestexpense": 103000000,
        "nonoperatingincomeexpense": -118000000,
        "incomelossfromcontinuingoperationsbeforeincometaxesextraordinaryitemsnoncontrollinginterest": -131000000,
        "incometaxexpensebenefit": 571000000,
        "profitloss": 1736000000,
        "weightedaveragenumberofsharesoutstandingbasic": 242000000,
        "weightedaveragenumberofdilutedsharesoutstanding": 242000000,
        "earningspersharebasic": 7.17,
        "earningspersharediluted": 7.17,
        "othercomprehensiveincomelossforeigncurrencytransactionandtranslationadjustmentnetoftax": 9000000,
        "othercomprehensiveincomelosspensionandotherpostretirementbenefitplansadjustmentnetoftax": 1000000,
        "othercomprehensiveincomelossnetoftax": 8000000,
        "comprehensiveincomenetoftaxincludingportionattributabletononcontrollinginterest": 1744000000
    },
    {
        "date": "2021-12-30",
        "symbol": "NRG",
        "period": "Q4",
        "revenues": 13642000000,
        "depreciationdepletionandamortization": 408000000,
        "sellinggeneralandadministrativeexpense": 320000000,
        "provisionfordoubtfulaccounts": -17000000,
        "businesscombinationacquisitionandintegrationcosts": 12000000,
        "costsandexpenses": 7755000000,
        "operatingincomeloss": -479000000,
        "incomelossfromequitymethodinvestments": -8000000,
        "othernonoperatingincomeexpense": 21000000,
        "interestexpense": 111000000,
        "nonoperatingincomeexpense": -116000000,
        "incomelossfromcontinuingoperationsbeforeincometaxesextraordinaryitemsnoncontrollinginterest": 1776000000,
        "incometaxexpensebenefit": -168000000,
        "profitloss": -427000000,
        "earningspersharebasic": -1.7400000000000002,
        "earningspersharediluted": -1.7400000000000002,
        "othercomprehensiveincomelossforeigncurrencytransactionandtranslationadjustmentnetoftax": 1000000,
        "othercomprehensiveincomelossnetoftax": 66000000,
        "comprehensiveincomenetoftaxincludingportionattributabletononcontrollinginterest": -361000000
    },
    {
        "date": "2021-09-29",
        "symbol": "NRG",
        "period": "Q3",
        "revenues": 13000000,
        "depreciationdepletionandamortization": 7000000,
        "sellinggeneralandadministrativeexpense": 335000000,
        "provisionfordoubtfulaccounts": 64000000,
        "businesscombinationacquisitionandintegrationcosts": 17000000,
        "costsandexpenses": 4290000000,
        "operatingincomeloss": 2319000000,
        "incomelossfromequitymethodinvestments": 17000000,
        "othernonoperatingincomeexpense": 8000000,
        "interestexpense": 122000000,
        "nonoperatingincomeexpense": -156000000,
        "incomelossfromcontinuingoperationsbeforeincometaxesextraordinaryitemsnoncontrollinginterest": -208000000,
        "incometaxexpensebenefit": 545000000,
        "profitloss": 1618000000,
        "earningspersharebasic": 6.6,
        "earningspersharediluted": 6.6,
        "othercomprehensiveincomelossforeigncurrencytransactionandtranslationadjustmentnetoftax": -11000000,
        "othercomprehensiveincomelossnetoftax": -10000000,
        "comprehensiveincomenetoftaxincludingportionattributabletononcontrollinginterest": 1608000000
    },
    {
        "date": "2021-06-29",
        "symbol": "NRG",
        "period": "Q2",
        "revenues": 5243000000,
        "costofrevenue": 2957000000,
        "depreciationdepletionandamortization": 53000000,
        "sellinggeneralandadministrativeexpense": 308000000,
        "provisionfordoubtfulaccounts": 40000000,
        "businesscombinationacquisitionandintegrationcosts": 22000000,
        "costsandexpenses": 3686000000,
        "gainlossonsaleofotherassets": 0,
        "operatingincomeloss": 1557000000,
        "incomelossfromequitymethodinvestments": 14000000,
        "othernonoperatingincomeexpense": 12000000,
        "interestexpense": 125000000,
        "nonoperatingincomeexpense": -99000000,
        "incomelossfromcontinuingoperationsbeforeincometaxesextraordinaryitemsnoncontrollinginterest": 1458000000,
        "incometaxexpensebenefit": 380000000,
        "profitloss": 1078000000,
        "weightedaveragenumberofsharesoutstandingbasic": 0,
        "earningspersharebasic": 4.4,
        "weightedaveragenumberofdilutedsharesoutstanding": 0,
        "earningspersharediluted": 4.4,
        "othercomprehensiveincomelossforeigncurrencytransactionandtranslationadjustmentnetoftax": 2000000,
        "othercomprehensiveincomelossnetoftax": 21000000,
        "comprehensiveincomenetoftaxincludingportionattributabletononcontrollinginterest": 1099000000
    },
    {
        "date": "2021-03-30",
        "symbol": "NRG",
        "period": "Q1",
        "revenues": 8091000000,
        "costofrevenue": 6864000000,
        "depreciationdepletionandamortization": 317000000,
        "sellinggeneralandadministrativeexpense": 330000000,
        "provisionfordoubtfulaccounts": 611000000,
        "businesscombinationacquisitionandintegrationcosts": 42000000,
        "costsandexpenses": 8164000000,
        "gainlossonsaleofotherassets": 17000000,
        "operatingincomeloss": -56000000,
        "incomelossfromequitymethodinvestments": -6000000,
        "othernonoperatingincomeexpense": 22000000,
        "interestexpense": 127000000,
        "nonoperatingincomeexpense": -111000000,
        "incomelossfromcontinuingoperationsbeforeincometaxesextraordinaryitemsnoncontrollinginterest": -167000000,
        "incometaxexpensebenefit": -85000000,
        "profitloss": -82000000,
        "weightedaveragenumberofsharesoutstandingbasic": 245000000,
        "earningspersharebasic": -0.33,
        "weightedaveragenumberofdilutedsharesoutstanding": 245000000,
        "earningspersharediluted": -0.33,
        "othercomprehensiveincomelossforeigncurrencytransactionandtranslationadjustmentnetoftax": 3000000,
        "othercomprehensiveincomelossnetoftax": 3000000,
        "comprehensiveincomenetoftaxincludingportionattributabletononcontrollinginterest": -79000000
    },
    {
        "date": "2020-12-30",
        "symbol": "NRG",
        "period": "Q4",
        "revenues": 2027000000,
        "costofrevenue": 1615000000,
        "depreciationdepletionandamortization": 117000000,
        "sellinggeneralandadministrativeexpense": 263000000,
        "researchanddevelopmentexpense": 2000000,
        "costsandexpenses": 2040000000,
        "operatingincomeloss": -16000000,
        "incomelossfromequitymethodinvestments": -20000000,
        "othernonoperatingincomeexpense": 15000000,
        "interestexpense": 109000000,
        "nonoperatingincomeexpense": -122000000,
        "incomelossfromcontinuingoperationsbeforeincometaxesextraordinaryitemsnoncontrollinginterest": -138000000,
        "incometaxexpensebenefit": 35000000,
        "incomelossfromcontinuingoperationsincludingportionattributabletononcontrollinginterest": -173000000,
        "profitloss": -173000000,
        "netincomeloss": -173000000,
        "incomelossfromcontinuingoperationsperbasicshare": -0.6999999999999997,
        "earningspersharebasic": -0.6999999999999997,
        "incomelossfromcontinuingoperationsperdilutedshare": -0.7000000000000002,
        "earningspersharediluted": -0.7000000000000002,
        "othercomprehensiveincomelossforeigncurrencytransactionandtranslationadjustmentnetoftax": 6000000,
        "othercomprehensiveincomelosspensionandotherpostretirementbenefitplansadjustmentnetoftax": 27000000,
        "othercomprehensiveincomelossnetoftax": -16000000,
        "comprehensiveincomenetoftax": -189000000
    },
    {
        "date": "2020-09-29",
        "symbol": "NRG",
        "period": "Q3",
        "revenues": 2809000000,
        "costofrevenue": 2034000000,
        "depreciationdepletionandamortization": 99000000,
        "sellinggeneralandadministrativeexpense": 253000000,
        "researchanddevelopmentexpense": 1000000,
        "costsandexpenses": 2416000000,
        "operatingincomeloss": 393000000,
        "incomelossfromequitymethodinvestments": 36000000,
        "othernonoperatingincomeexpense": 11000000,
        "interestexpense": 99000000,
        "nonoperatingincomeexpense": -52000000,
        "incomelossfromcontinuingoperationsbeforeincometaxesextraordinaryitemsnoncontrollinginterest": 341000000,
        "incometaxexpensebenefit": 92000000,
        "incomelossfromcontinuingoperationsincludingportionattributabletononcontrollinginterest": 249000000,
        "profitloss": 249000000,
        "netincomeloss": 249000000,
        "weightedaveragenumberofsharesoutstandingbasic": 0,
        "incomelossfromcontinuingoperationsperbasicshare": 1.0199999999999998,
        "earningspersharebasic": 1.0199999999999998,
        "weightedaveragenumberofdilutedsharesoutstanding": 0,
        "incomelossfromcontinuingoperationsperdilutedshare": 1.01,
        "earningspersharediluted": 1.01,
        "othercomprehensiveincomelossforeigncurrencytransactionandtranslationadjustmentnetoftax": 4000000,
        "othercomprehensiveincomelosspensionandotherpostretirementbenefitplansadjustmentnetoftax": -2000000,
        "othercomprehensiveincomelossnetoftax": 4000000,
        "comprehensiveincomenetoftax": 253000000
    },
    {
        "date": "2020-06-29",
        "symbol": "NRG",
        "period": "Q2",
        "revenues": 2238000000,
        "costofrevenue": 1434000000,
        "depreciationdepletionandamortization": 110000000,
        "sellinggeneralandadministrativeexpense": 208000000,
        "restructuringcosts": 0,
        "researchanddevelopmentexpense": 2000000,
        "costsandexpenses": 1754000000,
        "gainlossonsaleofotherassets": 0,
        "operatingincomeloss": 484000000,
        "incomelossfromequitymethodinvestments": 12000000,
        "impairmentofinvestments": 0,
        "othernonoperatingincomeexpense": 14000000,
        "interestexpense": 95000000,
        "nonoperatingincomeexpense": -70000000,
        "incomelossfromcontinuingoperationsbeforeincometaxesextraordinaryitemsnoncontrollinginterest": 414000000,
        "incometaxexpensebenefit": 101000000,
        "incomelossfromcontinuingoperationsincludingportionattributabletononcontrollinginterest": 313000000,
        "profitloss": 313000000,
        "netincomeloss": 313000000,
        "weightedaveragenumberofsharesoutstandingbasic": -2000000,
        "incomelossfromcontinuingoperationsperbasicshare": 1.27,
        "earningspersharebasic": 1.27,
        "weightedaveragenumberofdilutedsharesoutstanding": -2000000,
        "incomelossfromcontinuingoperationsperdilutedshare": 1.27,
        "earningspersharediluted": 1.27,
        "othercomprehensiveincomelossforeigncurrencytransactionandtranslationadjustmentnetoftax": 13000000,
        "othercomprehensiveincomelosspensionandotherpostretirementbenefitplansadjustmentnetoftax": -1000000,
        "othercomprehensiveincomelossnetoftax": 13000000,
        "comprehensiveincomenetoftax": 326000000
    },
    {
        "date": "2020-03-30",
        "symbol": "NRG",
        "period": "Q1",
        "revenues": 2019000000,
        "costofrevenue": 1457000000,
        "depreciationdepletionandamortization": 109000000,
        "sellinggeneralandadministrativeexpense": 209000000,
        "restructuringcosts": 3000000,
        "researchanddevelopmentexpense": 3000000,
        "costsandexpenses": 1781000000,
        "gainlossonsaleofotherassets": 6000000,
        "operatingincomeloss": 244000000,
        "incomelossfromequitymethodinvestments": -11000000,
        "impairmentofinvestments": 18000000,
        "othernonoperatingincomeexpense": 27000000,
        "interestexpense": 98000000,
        "nonoperatingincomeexpense": -100000000,
        "incomelossfromcontinuingoperationsbeforeincometaxesextraordinaryitemsnoncontrollinginterest": 144000000,
        "incometaxexpensebenefit": 23000000,
        "incomelossfromcontinuingoperationsincludingportionattributabletononcontrollinginterest": 121000000,
        "netincomeloss": 121000000,
        "weightedaveragenumberofsharesoutstandingbasic": 248000000,
        "incomelossfromcontinuingoperationsperbasicshare": 0.49,
        "earningspersharebasic": 0.49,
        "weightedaveragenumberofdilutedsharesoutstanding": 249000000,
        "incomelossfromcontinuingoperationsperdilutedshare": 0.49,
        "earningspersharediluted": 0.49,
        "profitloss": 121000000,
        "othercomprehensiveincomelossforeigncurrencytransactionandtranslationadjustmentnetoftax": -15000000,
        "othercomprehensiveincomelosspensionandotherpostretirementbenefitplansadjustmentnetoftax": -2000000,
        "othercomprehensiveincomelossnetoftax": -15000000,
        "comprehensiveincomenetoftax": 106000000
    },
    {
        "date": "2019-12-30",
        "symbol": "NRG",
        "period": "Q4",
        "profitloss": 3385000000,
        "othercomprehensiveincomelossforeigncurrencytransactionandtranslationadjustmentnetoftax": 3000000,
        "othercomprehensiveincomelosspensionandotherpostretirementbenefitplansadjustmentnetoftax": 31000000,
        "othercomprehensiveincomelossnetoftax": -34000000,
        "comprehensiveincomenetoftaxincludingportionattributabletononcontrollinginterest": 3351000000,
        "comprehensiveincomenetoftax": 3349000000
    },
    {
        "date": "2019-09-29",
        "symbol": "NRG",
        "period": "Q3",
        "revenues": 5160000000,
        "costofrevenue": 3803000000,
        "depreciationdepletionandamortization": 168000000,
        "sellinggeneralandadministrativeexpense": 348000000,
        "restructuringcosts": 1000000,
        "researchanddevelopmentexpense": 1000000,
        "costsandexpenses": 4400000000,
        "gainlossonsaleofotherassets": 0,
        "operatingincomeloss": 849000000,
        "othernonoperatingincomeexpense": 22000000,
        "interestexpense": 107000000,
        "nonoperatingincomeexpense": 26000000,
        "incomelossfromcontinuingoperationsbeforeincometaxesextraordinaryitemsnoncontrollinginterest": 787000000,
        "incometaxexpensebenefit": 6000000,
        "incomelossfromcontinuingoperationsincludingportionattributabletononcontrollinginterest": 777000000,
        "incomelossfromdiscontinuedoperationsnetoftaxattributabletoreportingentity": 351000000,
        "profitloss": 1163000000,
        "netincomeloss": 1163000000,
        "weightedaveragenumberofsharesoutstandingbasic": -277000000,
        "incomelossfromcontinuingoperationsperbasicshare": 1.4200000000000002,
        "discontinuedoperationincomelossfromdiscontinuedoperationnetoftaxperbasicshare": 0.06000000000000005,
        "earningspersharebasic": 1.48,
        "weightedaveragenumberofdilutedsharesoutstanding": -279000000,
        "incomelossfromcontinuingoperationsperdilutedshare": 1.4100000000000001,
        "discontinuedoperationincomelossfromdiscontinuedoperationnetoftaxperdilutedshare": 0.06000000000000005,
        "earningspersharediluted": 1.47,
        "othercomprehensiveincomelossforeigncurrencytransactionandtranslationadjustmentnetoftax": -1000000,
        "othercomprehensiveincomelosspensionandotherpostretirementbenefitplansadjustmentnetoftax": 41000000,
        "othercomprehensiveincomelossnetoftax": -59000000,
        "comprehensiveincomenetoftaxincludingportionattributabletononcontrollinginterest": 313000000,
        "comprehensiveincomenetoftax": 1104000000
    },
    {
        "date": "2019-06-29",
        "symbol": "NRG",
        "period": "Q2",
        "profitloss": 202000000,
        "othercomprehensiveincomelossforeigncurrencytransactionandtranslationadjustmentnetoftax": -1000000,
        "othercomprehensiveincomelossavailableforsalesecuritiesadjustmentnetoftax": 1000000,
        "othercomprehensiveincomelosspensionandotherpostretirementbenefitplansadjustmentnetoftax": 3000000,
        "othercomprehensiveincomelossnetoftax": -3000000,
        "comprehensiveincomenetoftaxincludingportionattributabletononcontrollinginterest": 199000000,
        "comprehensiveincomenetoftaxattributabletononcontrollinginterest": 1000000,
        "comprehensiveincomenetoftax": 198000000,
        "revenues": 2465000000,
        "costofrevenue": 1845000000,
        "depreciationdepletionandamortization": 85000000,
        "assetimpairmentcharges": 1000000,
        "sellinggeneralandadministrativeexpense": 211000000,
        "restructuringcosts": 2000000,
        "researchanddevelopmentexpense": 2000000,
        "costsandexpenses": 2146000000,
        "gainlossonsaleofotherassets": 1000000,
        "operatingincomeloss": 320000000,
        "othernonoperatingincomeexpense": 20000000,
        "gainslossesonextinguishmentofdebt": -47000000,
        "interestexpense": 105000000,
        "nonoperatingincomeexpense": -132000000,
        "incomelossfromcontinuingoperationsbeforeincometaxesextraordinaryitemsnoncontrollinginterest": 188000000,
        "incometaxexpensebenefit": -1000000,
        "incomelossfromcontinuingoperationsincludingportionattributabletononcontrollinginterest": 189000000,
        "incomelossfromdiscontinuedoperationsnetoftaxattributabletoreportingentity": 13000000,
        "netincomelossattributabletononcontrollinginterest": 1000000,
        "netincomeloss": 201000000,
        "weightedaveragenumberofsharesoutstandingbasic": 265000000,
        "incomelossfromcontinuingoperationsperbasicshare": 0.71,
        "discontinuedoperationincomelossfromdiscontinuedoperationnetoftaxperbasicshare": 0.05,
        "earningspersharebasic": 0.76,
        "weightedaveragenumberofdilutedsharesoutstanding": 267000000,
        "incomelossfromcontinuingoperationsperdilutedshare": 0.7,
        "discontinuedoperationincomelossfromdiscontinuedoperationnetoftaxperdilutedshare": 0.05,
        "earningspersharediluted": 0.75,
        "commonstockdividendspersharecashpaid": 0.03
    },
    {
        "date": "2019-03-30",
        "symbol": "NRG",
        "period": "Q1",
        "profitloss": -309000000,
        "othercomprehensiveincomelossforeigncurrencytransactionandtranslationadjustmentnetoftax": -2000000,
        "othercomprehensiveincomelosspensionandotherpostretirementbenefitplansadjustmentnetoftax": 3000000,
        "othercomprehensiveincomelossnetoftax": -2000000,
        "comprehensiveincomenetoftaxincludingportionattributabletononcontrollinginterest": 480000000,
        "comprehensiveincomenetoftax": -311000000,
        "revenues": 1000000,
        "costofrevenue": 1000000,
        "depreciationdepletionandamortization": 8000000,
        "sellinggeneralandadministrativeexpense": 56000000,
        "restructuringcosts": 13000000,
        "researchanddevelopmentexpense": 2000000,
        "costsandexpenses": 1000000,
        "gainlossonsaleofotherassets": 1000000,
        "operatingincomeloss": -88000000,
        "incomelossfromequitymethodinvestments": -21000000,
        "othernonoperatingincomeexpense": 7000000,
        "interestexpense": 106000000,
        "nonoperatingincomeexpense": -309000000,
        "incomelossfromcontinuingoperationsbeforeincometaxesextraordinaryitemsnoncontrollinginterest": -309000000,
        "incometaxexpensebenefit": 4000000,
        "incomelossfromcontinuingoperationsincludingportionattributabletononcontrollinginterest": -309000000,
        "incomelossfromdiscontinuedoperationsnetoftaxattributabletoreportingentity": 35000000,
        "netincomeloss": -309000000,
        "weightedaveragenumberofsharesoutstandingbasic": 278000000,
        "incomelossfromcontinuingoperationsperbasicshare": 0.34,
        "discontinuedoperationincomelossfromdiscontinuedoperationnetoftaxperbasicshare": 1.39,
        "earningspersharebasic": 1.73,
        "weightedaveragenumberofdilutedsharesoutstanding": 280000000,
        "incomelossfromcontinuingoperationsperdilutedshare": 0.34,
        "discontinuedoperationincomelossfromdiscontinuedoperationnetoftaxperdilutedshare": 1.38,
        "earningspersharediluted": 1.72,
        "commonstockdividendspersharecashpaid": 0.03
    },
    {
        "date": "2018-12-30",
        "symbol": "NRG",
        "period": "Q4",
        "profitloss": 329000000,
        "othercomprehensiveincomelossforeigncurrencytransactionandtranslationadjustmentnetoftax": 5000000,
        "othercomprehensiveincomelosspensionandotherpostretirementbenefitplansadjustmentnetoftax": -12000000,
        "othercomprehensiveincomelossnetoftax": -24000000,
        "comprehensiveincomenetoftaxincludingportionattributabletononcontrollinginterest": -130000000,
        "comprehensiveincomenetoftaxattributabletononcontrollinginterest": 1000000,
        "comprehensiveincomenetoftax": -131000000,
        "revenues": 1683000000,
        "costofrevenue": -13000000,
        "depreciationdepletionandamortization": 30000000,
        "sellinggeneralandadministrativeexpense": 0,
        "researchanddevelopmentexpense": 2000000,
        "costsandexpenses": 6125000000,
        "operatingincomeloss": 991000000,
        "incomelossfromequitymethodinvestments": 0,
        "othernonoperatingincomeexpense": -11000000,
        "gainslossesonextinguishmentofdebt": -16000000,
        "interestexpense": -305000000,
        "nonoperatingincomeexpense": -144000000,
        "incomelossfromcontinuingoperationsbeforeincometaxesextraordinaryitemsnoncontrollinginterest": 330000000,
        "incometaxexpensebenefit": 351000000,
        "incomelossfromcontinuingoperationsincludingportionattributabletononcontrollinginterest": 329000000,
        "netincomelossattributabletononcontrollinginterest": -74000000,
        "netincomeloss": 329000000,
        "weightedaveragenumberofsharesoutstandingbasic": -5000000,
        "incomelossfromcontinuingoperationsperbasicshare": -0.4299999999999999,
        "earningspersharebasic": -0.029999999999999916,
        "weightedaveragenumberofdilutedsharesoutstanding": -5000000,
        "incomelossfromcontinuingoperationsperdilutedshare": -0.4199999999999999,
        "earningspersharediluted": -0.019999999999999907
    },
    {
        "date": "2018-09-29",
        "symbol": "NRG",
        "period": "Q3",
        "profitloss": -49000000,
        "othercomprehensiveincomelossderivativesqualifyingashedgesnetoftax": -24000000,
        "othercomprehensiveincomelossforeigncurrencytransactionandtranslationadjustmentnetoftax": 10000000,
        "othercomprehensiveincomelosspensionandotherpostretirementbenefitplansadjustmentnetoftax": 1000000,
        "othercomprehensiveincomelossnetoftax": -13000000,
        "comprehensiveincomenetoftaxincludingportionattributabletononcontrollinginterest": -981000000,
        "comprehensiveincomenetoftaxattributabletononcontrollinginterest": 95000000,
        "comprehensiveincomenetoftax": -1092000000,
        "revenues": 2452000000,
        "costofrevenue": -1566000000,
        "depreciationdepletionandamortization": 50000000,
        "sellinggeneralandadministrativeexpense": -255000000,
        "restructuringcosts": -9000000,
        "researchanddevelopmentexpense": -17000000,
        "costsandexpenses": -2090000000,
        "gainlossonsaleofotherassets": 11000000,
        "operatingincomeloss": -333000000,
        "incomelossfromequitymethodinvestments": -5000000,
        "othernonoperatingincomeexpense": 11000000,
        "gainslossesonextinguishmentofdebt": -19000000,
        "interestexpense": 35000000,
        "nonoperatingincomeexpense": -634000000,
        "incomelossfromcontinuingoperationsbeforeincometaxesextraordinaryitemsnoncontrollinginterest": -79000000,
        "incometaxexpensebenefit": -317000000,
        "incomelossfromcontinuingoperationsincludingportionattributabletononcontrollinginterest": -74000000,
        "netincomelossattributabletononcontrollinginterest": 119000000,
        "netincomeloss": 36000000,
        "weightedaveragenumberofsharesoutstandingbasic": -319000000,
        "incomelossfromcontinuingoperationsperbasicshare": 0.7499999999999999,
        "earningspersharebasic": -0.19999999999999996,
        "weightedaveragenumberofdilutedsharesoutstanding": -323000000,
        "incomelossfromcontinuingoperationsperdilutedshare": 0.7299999999999999,
        "earningspersharediluted": -0.20999999999999996,
        "commonstockdividendspersharecashpaid": 0.03
    },
    {
        "date": "2018-06-29",
        "symbol": "NRG",
        "period": "Q2",
        "profitloss": -164000000,
        "othercomprehensiveincomelossderivativesqualifyingashedgesnetoftax": -5000000,
        "othercomprehensiveincomelossforeigncurrencytransactionandtranslationadjustmentnetoftax": 9000000,
        "othercomprehensiveincomelossavailableforsalesecuritiesadjustmentnetoftax": 1000000,
        "othercomprehensiveincomelosspensionandotherpostretirementbenefitplansadjustmentnetoftax": 1000000,
        "othercomprehensiveincomelossnetoftax": 4000000,
        "comprehensiveincomenetoftaxincludingportionattributabletononcontrollinginterest": -356000000,
        "comprehensiveincomenetoftaxattributabletononcontrollinginterest": 2000000,
        "comprehensiveincomenetoftax": -358000000,
        "comprehensiveincomelossnetoftaxavailableforcommonstockholders": 71000000,
        "revenues": 2922000000,
        "costofrevenue": -5000000,
        "depreciationdepletionandamortization": 8000000,
        "assetimpairmentcharges": 74000000,
        "sellinggeneralandadministrativeexpense": -10000000,
        "restructuringcosts": 16000000,
        "researchanddevelopmentexpense": 3000000,
        "costsandexpenses": -15000000,
        "gainlossonsaleofotherassets": 14000000,
        "operatingincomeloss": 2000000,
        "incomelossfromequitymethodinvestments": 5000000,
        "othernonoperatingincomeexpense": 2000000,
        "gainslossesonextinguishmentofdebt": -1000000,
        "interestexpense": 106000000,
        "nonoperatingincomeexpense": -362000000,
        "incomelossfromcontinuingoperationsbeforeincometaxesextraordinaryitemsnoncontrollinginterest": -134000000,
        "incometaxexpensebenefit": -32000000,
        "incomelossfromcontinuingoperationsincludingportionattributabletononcontrollinginterest": -139000000,
        "incomelossfromdiscontinuedoperationsnetoftaxattributabletoreportingentity": -25000000,
        "netincomelossattributabletononcontrollinginterest": 2000000,
        "netincomeloss": -244000000,
        "weightedaveragenumberofsharesoutstandingbasic": 310000000,
        "incomelossfromcontinuingoperationsperbasicshare": 0.31,
        "discontinuedoperationincomelossfromdiscontinuedoperationnetoftaxperbasicshare": -0.08,
        "earningspersharebasic": 0.23,
        "weightedaveragenumberofdilutedsharesoutstanding": 314000000,
        "incomelossfromcontinuingoperationsperdilutedshare": 0.31,
        "discontinuedoperationincomelossfromdiscontinuedoperationnetoftaxperdilutedshare": -0.08,
        "earningspersharediluted": 0.23,
        "commonstockdividendspersharecashpaid": 0.03
    },
    {
        "date": "2018-03-30",
        "symbol": "NRG",
        "period": "Q1",
        "profitloss": 946000000,
        "othercomprehensiveincomelossderivativesqualifyingashedgesnetoftax": 14000000,
        "othercomprehensiveincomelossforeigncurrencytransactionandtranslationadjustmentnetoftax": -2000000,
        "othercomprehensiveincomelosspensionandotherpostretirementbenefitplansadjustmentnetoftax": 1000000,
        "othercomprehensiveincomelossnetoftax": 11000000,
        "comprehensiveincomenetoftaxincludingportionattributabletononcontrollinginterest": 244000000,
        "comprehensiveincomenetoftaxattributabletononcontrollinginterest": -22000000,
        "comprehensiveincomenetoftax": 282000000,
        "comprehensiveincomelossnetoftaxavailableforcommonstockholders": 282000000,
        "revenues": 2421000000,
        "costofrevenue": 1558000000,
        "depreciationdepletionandamortization": 28000000,
        "sellinggeneralandadministrativeexpense": 191000000,
        "restructuringcosts": 3000000,
        "researchanddevelopmentexpense": 13000000,
        "costsandexpenses": 2017000000,
        "gainlossonsaleofotherassets": 2000000,
        "operatingincomeloss": 406000000,
        "incomelossfromequitymethodinvestments": 4000000,
        "othernonoperatingincomeexpense": -3000000,
        "gainslossesonextinguishmentofdebt": -2000000,
        "interestexpense": 167000000,
        "nonoperatingincomeexpense": -174000000,
        "incomelossfromcontinuingoperationsbeforeincometaxesextraordinaryitemsnoncontrollinginterest": 946000000,
        "incometaxexpensebenefit": -1000000,
        "incomelossfromcontinuingoperationsincludingportionattributabletononcontrollinginterest": 946000000,
        "netincomelossattributabletononcontrollinginterest": -46000000,
        "netincomeloss": 940000000,
        "weightedaveragenumberofsharesoutstandingbasic": 318000000,
        "incomelossfromcontinuingoperationsperbasicshare": 0.88,
        "earningspersharebasic": 0.88,
        "weightedaveragenumberofdilutedsharesoutstanding": 322000000,
        "incomelossfromcontinuingoperationsperdilutedshare": 0.87,
        "earningspersharediluted": 0.87,
        "commonstockdividendspersharecashpaid": 0.03
    },
    {
        "date": "2011-09-29",
        "symbol": "NRG",
        "period": "Q3",
        "revenues": -4000000,
        "costofrevenue": 1993000000,
        "depreciationdepletionandamortization": 4000000,
        "impairmentoflonglivedassetsheldforuse": 160000000,
        "sellinggeneralandadministrativeexpense": 61000000,
        "developmentcostsandexpenses": 11000000,
        "costsandexpenses": 75000000,
        "operatingincomeloss": 102000000,
        "incomelossfromequitymethodinvestments": 14000000,
        "impairmentofinvestments": 3000000,
        "othernonoperatingincomeexpense": 1000000,
        "gainslossesonextinguishmentofdebt": -32000000,
        "interestexpense": 13000000,
        "nonoperatingincomeexpense": -12000000,
        "incomelossfromcontinuingoperationsbeforeincometaxesextraordinaryitemsnoncontrollinginterest": -149000000,
        "incometaxexpensebenefit": 11000000,
        "profitloss": -55000000,
        "netincomeloss": -55000000,
        "dividendspreferredstock": 2000000,
        "netincomelossavailabletocommonstockholdersbasic": -57000000,
        "weightedaveragenumberofsharesoutstandingbasic": 240000000,
        "earningspersharebasic": -0.24,
        "weightedaveragenumberofdilutedsharesoutstanding": 240000000,
        "earningspersharediluted": -0.24
    },
    {
        "date": "2011-06-29",
        "symbol": "NRG",
        "period": "Q2",
        "revenues": 90000000,
        "costofrevenue": 1000000,
        "depreciationdepletionandamortization": 4000000,
        "sellinggeneralandadministrativeexpense": 93000000,
        "developmentcostsandexpenses": 12000000,
        "costsandexpenses": 84000000,
        "operatingincomeloss": 337000000,
        "incomelossfromequitymethodinvestments": 6000000,
        "impairmentofinvestments": 11000000,
        "othernonoperatingincomeexpense": 2000000,
        "gainslossesonextinguishmentofdebt": -115000000,
        "interestexpense": 136000000,
        "nonoperatingincomeexpense": -74000000,
        "incomelossfromcontinuingoperationsbeforeincometaxesextraordinaryitemsnoncontrollinginterest": -173000000,
        "incometaxexpensebenefit": 148000000,
        "profitloss": 621000000,
        "netincomeloss": -173000000,
        "dividendspreferredstock": 3000000,
        "netincomelossavailabletocommonstockholdersbasic": 618000000,
        "weightedaveragenumberofsharesoutstandingbasic": 243000000,
        "earningspersharebasic": 2.54,
        "weightedaveragenumberofdilutedsharesoutstanding": 244000000,
        "earningspersharediluted": 2.53
    },
    {
        "date": "2010-03-30",
        "symbol": "NRG",
        "period": "Q1",
        "revenues": 2215000000,
        "costofrevenue": 1639000000,
        "depreciationdepletionandamortization": 202000000,
        "sellinggeneralandadministrativeexpense": 130000000,
        "developmentcostsandexpenses": 9000000,
        "costsandexpenses": 1980000000,
        "gainlossondispositionofassets": 23000000,
        "operatingincomeloss": 258000000,
        "incomelossfromequitymethodinvestments": 14000000,
        "othernonoperatingincomeexpense": 4000000,
        "interestexpense": 153000000,
        "totalotherexpense": 135000000,
        "lossesincomefromcontinuingoperationsbeforeincometaxes": 123000000,
        "incometaxexpensebenefit": 65000000,
        "netincomeloss": 58000000,
        "preferredstockdividends": 2000000,
        "netincomelossavailabletocommonstockholdersbasic": 56000000,
        "weightedaveragenumberofsharesoutstandingbasic": 254000000,
        "earningspersharebasic": 0.22,
        "weightedaveragenumberofdilutedsharesoutstanding": 257000000,
        "earningspersharediluted": 0.22
    }
]