[
    {
        "date": "2024-09-29",
        "symbol": "GDDY",
        "period": "Q3",
        "revenuefromcontractwithcustomerexcludingassessedtax": 2591900000,
        "costofgoodsandserviceexcludingdepreciationdepletionandamortization": 407400000,
        "technologyrelatedcosts": 205100000,
        "marketingandadvertisingexpense": 84400000,
        "customerserviceexpense": 68900000,
        "generalandadministrativeexpense": 94800000,
        "restructuringchargesandgainlossondispositionofpropertyplantequipment": -23600000,
        "depreciationdepletionandamortization": 32800000,
        "costsandexpenses": 893800000,
        "operatingincomeloss": 253800000,
        "gainslossesonextinguishmentofdebt": 0,
        "othernonoperatingincomeexpense": -13300000,
        "incomelossfromcontinuingoperationsbeforeincometaxesextraordinaryitemsnoncontrollinginterest": 221000000,
        "incometaxexpensebenefit": 30500000,
        "profitloss": 190500000,
        "netincomeloss": 190500000,
        "earningspersharebasic": 1.3599999999999999,
        "earningspersharediluted": 1.3200000000000003,
        "weightedaveragenumberofsharesoutstandingbasic": 141437000,
        "weightedaveragenumberofdilutedsharesoutstanding": 145179000,
        "allocatedsharebasedcompensationexpense": 184600000,
        "othercomprehensiveincomeforeigncurrencytransactionandtranslationgainlossarisingduringperiodnetoftax": -21000000,
        "othercomprehensiveincomelosscashflowhedgegainlossafterreclassificationandtax": -31200000,
        "othercomprehensiveincomelossforeigncurrencytransactionandtranslationreclassificationadjustmentfromaocirealizeduponsaleorliquidationnetoftax": -6600000,
        "comprehensiveincomenetoftaxincludingportionattributabletononcontrollinginterest": 144900000,
        "comprehensiveincomenetoftax": 144900000,
        "othercomprehensiveincomelosscashflowhedgegainlossafterreclassificationtax": -22900000
    },
    {
        "date": "2024-06-29",
        "symbol": "GDDY",
        "period": "Q2",
        "revenuefromcontractwithcustomerexcludingassessedtax": 405600000,
        "costofgoodsandserviceexcludingdepreciationdepletionandamortization": 408300000,
        "technologyrelatedcosts": 205900000,
        "marketingandadvertisingexpense": 93200000,
        "customerserviceexpense": 73300000,
        "generalandadministrativeexpense": 95600000,
        "restructuringchargesandgainlossondispositionofpropertyplantequipment": 6900000,
        "depreciationdepletionandamortization": 33100000,
        "costsandexpenses": 916300000,
        "operatingincomeloss": 208200000,
        "interestexpensenonoperating": 39500000,
        "gainslossesonextinguishmentofdebt": -2100000,
        "othernonoperatingincomeexpense": 8300000,
        "incomelossfromcontinuingoperationsbeforeincometaxesextraordinaryitemsnoncontrollinginterest": 174900000,
        "incometaxexpensebenefit": 28600000,
        "profitloss": 146300000,
        "netincomeloss": 146300000,
        "earningspersharebasic": 1.04,
        "earningspersharediluted": 1.01,
        "weightedaveragenumberofsharesoutstandingbasic": 141269000,
        "weightedaveragenumberofdilutedsharesoutstanding": 144644000,
        "allocatedsharebasedcompensationexpense": 300000,
        "othercomprehensiveincomeforeigncurrencytransactionandtranslationgainlossarisingduringperiodnetoftax": 1200000,
        "othercomprehensiveincomelosscashflowhedgegainlossafterreclassificationandtax": -6700000,
        "othercomprehensiveincomelossforeigncurrencytransactionandtranslationreclassificationadjustmentfromaocirealizeduponsaleorliquidationnetoftax": -6300000,
        "comprehensiveincomenetoftaxincludingportionattributabletononcontrollinginterest": 147100000,
        "comprehensiveincomenetoftax": 147100000,
        "othercomprehensiveincomelosscashflowhedgegainlossafterreclassificationtax": 1200000
    },
    {
        "date": "2024-03-30",
        "symbol": "GDDY",
        "period": "Q1",
        "revenuefromcontractwithcustomerexcludingassessedtax": 383100000,
        "costofgoodsandserviceexcludingdepreciationdepletionandamortization": 414500000,
        "technologyrelatedcosts": 202900000,
        "marketingandadvertisingexpense": 87500000,
        "customerserviceexpense": 76400000,
        "generalandadministrativeexpense": 91700000,
        "restructuringchargesandgainlossondispositionofpropertyplantequipment": 22400000,
        "depreciationdepletionandamortization": 37200000,
        "costsandexpenses": 932600000,
        "operatingincomeloss": 175900000,
        "interestexpense": 41300000,
        "gainslossesonextinguishmentofdebt": -1000000,
        "othernonoperatingincomeexpense": 9600000,
        "incomelossfromcontinuingoperationsbeforeincometaxesextraordinaryitemsnoncontrollinginterest": 143200000,
        "incometaxexpensebenefit": -258300000,
        "profitloss": 401500000,
        "netincomeloss": 401500000,
        "earningspersharebasic": 2.82,
        "earningspersharediluted": 2.76,
        "weightedaveragenumberofsharesoutstandingbasic": 142528000,
        "weightedaveragenumberofdilutedsharesoutstanding": 145676000,
        "allocatedsharebasedcompensationexpense": 37500000,
        "othercomprehensiveincomeforeigncurrencytransactionandtranslationgainlossarisingduringperiodnetoftax": 9300000,
        "othercomprehensiveincomelosscashflowhedgegainlossafterreclassificationandtax": 10500000,
        "othercomprehensiveincomelossforeigncurrencytransactionandtranslationreclassificationadjustmentfromaocirealizeduponsaleorliquidationnetoftax": -3800000,
        "comprehensiveincomenetoftaxincludingportionattributabletononcontrollinginterest": 425100000,
        "comprehensiveincomenetoftax": 425100000,
        "othercomprehensiveincomelosscashflowhedgegainlossafterreclassificationtax": 8500000
    },
    {
        "date": "2023-12-30",
        "symbol": "GDDY",
        "period": "Q4",
        "revenuefromcontractwithcustomerexcludingassessedtax": 1057400000,
        "costofgoodsandserviceexcludingdepreciationdepletionandamortization": 402200000,
        "technologyrelatedcosts": 203800000,
        "marketingandadvertisingexpense": 84600000,
        "customerserviceexpense": 74300000,
        "generalandadministrativeexpense": 95600000,
        "restructuringchargesandgainlossondispositionofpropertyplantequipment": 11700000,
        "depreciationdepletionandamortization": 38700000,
        "costsandexpenses": 910400000,
        "operatingincomeloss": 189900000,
        "interestexpense": 93400000,
        "othernonoperatingincomeexpense": 20100000,
        "incomelossfromcontinuingoperationsbeforeincometaxesextraordinaryitemsnoncontrollinginterest": 147500000,
        "incometaxexpensebenefit": -966600000,
        "profitloss": 1244300000,
        "netincomelossattributabletononcontrollinginterest": 200000,
        "netincomeloss": 1113900000,
        "earningspersharebasic": 7.52,
        "earningspersharediluted": 7.35,
        "weightedaveragenumberofsharesoutstandingbasic": 148296000,
        "weightedaveragenumberofdilutedsharesoutstanding": 151452000,
        "allocatedsharebasedcompensationexpense": -150400000,
        "othercomprehensiveincomeforeigncurrencytransactionandtranslationgainlossarisingduringperiodnetoftax": -17100000,
        "othercomprehensiveincomelosscashflowhedgegainlossafterreclassificationandtax": -36100000,
        "othercomprehensiveincomelossforeigncurrencytransactionandtranslationreclassificationadjustmentfromaocirealizeduponsaleorliquidationnetoftax": 4700000,
        "comprehensiveincomenetoftaxincludingportionattributabletononcontrollinginterest": 1056200000,
        "comprehensiveincomenetoftaxattributabletononcontrollinginterest": 400000,
        "comprehensiveincomenetoftax": 1055800000
    },
    {
        "date": "2023-09-29",
        "symbol": "GDDY",
        "period": "Q3",
        "revenuefromcontractwithcustomerexcludingassessedtax": 363300000,
        "costofgoodsandserviceexcludingdepreciationdepletionandamortization": 396900000,
        "technologyrelatedcosts": 201600000,
        "marketingandadvertisingexpense": 86400000,
        "customerserviceexpense": 75700000,
        "generalandadministrativeexpense": 91600000,
        "restructuringchargesandgainlossondispositionofpropertyplantequipment": 9800000,
        "depreciationdepletionandamortization": 40600000,
        "costsandexpenses": 902600000,
        "operatingincomeloss": 167100000,
        "interestexpense": 44000000,
        "gainslossesonextinguishmentofdebt": -1500000,
        "othernonoperatingincomeexpense": 6300000,
        "incomelossfromcontinuingoperationsbeforeincometaxesextraordinaryitemsnoncontrollinginterest": 127900000,
        "incometaxexpensebenefit": -3100000,
        "profitloss": 131000000,
        "netincomelossattributabletononcontrollinginterest": 300000,
        "netincomeloss": 130700000,
        "earningspersharebasic": 0.9,
        "earningspersharediluted": 0.89,
        "weightedaveragenumberofsharesoutstandingbasic": 145484000,
        "weightedaveragenumberofdilutedsharesoutstanding": 147291000,
        "allocatedsharebasedcompensationexpense": 300000,
        "othercomprehensiveincomeforeigncurrencytransactionandtranslationgainlossarisingduringperiodnetoftax": 8700000,
        "othercomprehensiveincomelosscashflowhedgegainlossafterreclassificationandtax": 7800000,
        "othercomprehensiveincomelossforeigncurrencytransactionandtranslationreclassificationadjustmentfromaocirealizeduponsaleorliquidationnetoftax": 9900000,
        "comprehensiveincomenetoftaxincludingportionattributabletononcontrollinginterest": 137600000,
        "comprehensiveincomenetoftaxattributabletononcontrollinginterest": 300000,
        "comprehensiveincomenetoftax": 137300000
    },
    {
        "date": "2023-06-29",
        "symbol": "GDDY",
        "period": "Q2",
        "revenuefromcontractwithcustomerexcludingassessedtax": 4900000,
        "costofgoodsandserviceexcludingdepreciationdepletionandamortization": 388400000,
        "technologyrelatedcosts": 219200000,
        "marketingandadvertisingexpense": 89500000,
        "customerserviceexpense": 77700000,
        "generalandadministrativeexpense": 92700000,
        "restructuringchargesandgainlossondispositionofpropertyplantequipment": 17000000,
        "depreciationdepletionandamortization": 43500000,
        "costsandexpenses": 928500000,
        "operatingincomeloss": 119600000,
        "interestexpense": 21900000,
        "othernonoperatingincomeexpense": 3500000,
        "incomelossfromcontinuingoperationsbeforeincometaxesextraordinaryitemsnoncontrollinginterest": 80800000,
        "incometaxexpensebenefit": -2300000,
        "profitloss": 200000,
        "netincomelossattributabletononcontrollinginterest": 200000,
        "netincomeloss": 82900000,
        "earningspersharebasic": 0.54,
        "earningspersharediluted": 0.54,
        "weightedaveragenumberofsharesoutstandingbasic": 152328000,
        "weightedaveragenumberofdilutedsharesoutstanding": 154064000,
        "allocatedsharebasedcompensationexpense": 77500000,
        "othercomprehensiveincomeforeigncurrencytransactionandtranslationgainlossarisingduringperiodnetoftax": -9000000,
        "othercomprehensiveincomelosscashflowhedgegainlossafterreclassificationandtax": 26800000,
        "othercomprehensiveincomelossforeigncurrencytransactionandtranslationreclassificationadjustmentfromaocirealizeduponsaleorliquidationnetoftax": -3900000,
        "comprehensiveincomenetoftaxincludingportionattributabletononcontrollinginterest": 104800000,
        "comprehensiveincomenetoftaxattributabletononcontrollinginterest": 100000,
        "comprehensiveincomenetoftax": 104700000
    },
    {
        "date": "2023-03-30",
        "symbol": "GDDY",
        "period": "Q1",
        "revenuefromcontractwithcustomerexcludingassessedtax": 4800000,
        "costofgoodsandserviceexcludingdepreciationdepletionandamortization": 386100000,
        "technologyrelatedcosts": 215000000,
        "marketingandadvertisingexpense": 92400000,
        "customerserviceexpense": 76800000,
        "generalandadministrativeexpense": 94100000,
        "restructuringchargesandgainlossondispositionofpropertyplantequipment": 52300000,
        "depreciationdepletionandamortization": 48500000,
        "costsandexpenses": 965200000,
        "operatingincomeloss": 70800000,
        "interestexpense": 19700000,
        "othernonoperatingincomeexpense": 7000000,
        "incomelossfromcontinuingoperationsbeforeincometaxesextraordinaryitemsnoncontrollinginterest": 47600000,
        "incometaxexpensebenefit": 200000,
        "profitloss": 100000,
        "netincomelossattributabletononcontrollinginterest": 100000,
        "netincomeloss": 47300000,
        "earningspersharebasic": 0.31,
        "earningspersharediluted": 0.3,
        "weightedaveragenumberofsharesoutstandingbasic": 154124000,
        "weightedaveragenumberofdilutedsharesoutstanding": 156644000,
        "allocatedsharebasedcompensationexpense": 73900000,
        "othercomprehensiveincomeforeigncurrencytransactionandtranslationgainlossarisingduringperiodnetoftax": -6900000,
        "othercomprehensiveincomelosscashflowhedgegainlossafterreclassificationandtax": -32600000,
        "othercomprehensiveincomelossforeigncurrencytransactionandtranslationreclassificationadjustmentfromaocirealizeduponsaleorliquidationnetoftax": -2100000,
        "comprehensiveincomenetoftaxincludingportionattributabletononcontrollinginterest": 10000000,
        "comprehensiveincomenetoftaxattributabletononcontrollinginterest": 200000,
        "comprehensiveincomenetoftax": 9800000
    },
    {
        "date": "2022-12-30",
        "symbol": "GDDY",
        "period": "Q4",
        "revenuefromcontractwithcustomerexcludingassessedtax": 4400000,
        "costofgoodsandserviceexcludingdepreciationdepletionandamortization": 379500000,
        "technologyrelatedcosts": 206300000,
        "marketingandadvertisingexpense": 94900000,
        "customerserviceexpense": 75300000,
        "generalandadministrativeexpense": 98600000,
        "costsandexpenses": 905000000,
        "operatingincomeloss": 134900000,
        "interestexpense": 14600000,
        "othernonoperatingincomeexpense": 46500000,
        "incomelossfromcontinuingoperationsbeforeincometaxesextraordinaryitemsnoncontrollinginterest": 95899999.99999997,
        "incometaxexpensebenefit": 2100000,
        "profitloss": -258400000.00000003,
        "netincomelossattributabletononcontrollinginterest": 200000,
        "netincomeloss": 93599999.99999997,
        "earningspersharebasic": 0.6100000000000001,
        "earningspersharediluted": 0.5999999999999999,
        "weightedaveragenumberofsharesoutstandingbasic": -1362000,
        "weightedaveragenumberofdilutedsharesoutstanding": -1208000,
        "allocatedsharebasedcompensationexpense": 71099999.99999997,
        "othercomprehensiveincomeforeigncurrencytransactionandtranslationgainlossarisingduringperiodnetoftax": -23700000,
        "othercomprehensiveincomelosscashflowhedgegainlossafterreclassificationandtax": -1800000,
        "othercomprehensiveincomelossforeigncurrencytransactionandtranslationreclassificationadjustmentfromaocirealizeduponsaleorliquidationnetoftax": 2200000,
        "comprehensiveincomenetoftaxincludingportionattributabletononcontrollinginterest": 66100000,
        "comprehensiveincomenetoftaxattributabletononcontrollinginterest": 100000,
        "comprehensiveincomenetoftax": 66000000
    },
    {
        "date": "2022-09-29",
        "symbol": "GDDY",
        "period": "Q3",
        "revenuefromcontractwithcustomerexcludingassessedtax": 2300000,
        "costofgoodsandserviceexcludingdepreciationdepletionandamortization": 374300000,
        "technologyrelatedcosts": 199500000,
        "marketingandadvertisingexpense": 100400000,
        "customerserviceexpense": 74000000,
        "generalandadministrativeexpense": 101600000,
        "costsandexpenses": 903500000,
        "operatingincomeloss": 129700000,
        "interestexpense": 8700000,
        "othernonoperatingincomeexpense": -34900000,
        "incomelossfromcontinuingoperationsbeforeincometaxesextraordinaryitemsnoncontrollinginterest": 97200000.00000003,
        "incometaxexpensebenefit": -2800000,
        "profitloss": 100000000.00000003,
        "netincomelossattributabletononcontrollinginterest": 200000,
        "netincomeloss": 99800000.00000003,
        "earningspersharebasic": 0.6300000000000001,
        "earningspersharediluted": 0.6200000000000001,
        "weightedaveragenumberofsharesoutstandingbasic": -1910000,
        "weightedaveragenumberofdilutedsharesoutstanding": -1838000,
        "allocatedsharebasedcompensationexpense": 65400000,
        "othercomprehensiveincomeforeigncurrencytransactionandtranslationgainlossarisingduringperiodnetoftax": 24200000,
        "othercomprehensiveincomelosscashflowhedgegainlossafterreclassificationandtax": 77700000,
        "othercomprehensiveincomelossforeigncurrencytransactionandtranslationreclassificationadjustmentfromaocirealizeduponsaleorliquidationnetoftax": -5400000,
        "comprehensiveincomenetoftaxincludingportionattributabletononcontrollinginterest": 207300000,
        "comprehensiveincomenetoftaxattributabletononcontrollinginterest": 400000,
        "comprehensiveincomenetoftax": 206900000
    },
    {
        "date": "2022-06-29",
        "symbol": "GDDY",
        "period": "Q2",
        "revenuefromcontractwithcustomerexcludingassessedtax": 200000,
        "costofgoodsandserviceexcludingdepreciationdepletionandamortization": 360500000,
        "technologyrelatedcosts": 198100000,
        "marketingandadvertisingexpense": 100700000,
        "customerserviceexpense": 78900000,
        "generalandadministrativeexpense": 94700000,
        "costsandexpenses": 890900000,
        "operatingincomeloss": 124600000,
        "interestexpense": 1800000,
        "othernonoperatingincomeexpense": -30200000,
        "incomelossfromcontinuingoperationsbeforeincometaxesextraordinaryitemsnoncontrollinginterest": 88500000,
        "incometaxexpensebenefit": -2000000,
        "profitloss": 158900000,
        "netincomelossattributabletononcontrollinginterest": 100000,
        "netincomeloss": 90400000,
        "earningspersharebasic": 0.56,
        "earningspersharediluted": 0.56,
        "weightedaveragenumberofsharesoutstandingbasic": -2263000,
        "weightedaveragenumberofdilutedsharesoutstanding": -2308000,
        "allocatedsharebasedcompensationexpense": 66700000,
        "othercomprehensiveincomeforeigncurrencytransactionandtranslationgainlossarisingduringperiodnetoftax": 20600000,
        "othercomprehensiveincomelosscashflowhedgegainlossafterreclassificationandtax": 49100000,
        "othercomprehensiveincomelossforeigncurrencytransactionandtranslationreclassificationadjustmentfromaocirealizeduponsaleorliquidationnetoftax": -9000000,
        "comprehensiveincomenetoftaxincludingportionattributabletononcontrollinginterest": 169200000,
        "comprehensiveincomenetoftaxattributabletononcontrollinginterest": 300000,
        "comprehensiveincomenetoftax": 168900000,
        "othercomprehensiveincomelosscashflowhedgegainlossafterreclassificationtax": 0
    },
    {
        "date": "2022-03-30",
        "symbol": "GDDY",
        "period": "Q1",
        "revenuefromcontractwithcustomerexcludingassessedtax": -1600000,
        "costofgoodsandserviceexcludingdepreciationdepletionandamortization": 370200000,
        "technologyrelatedcosts": 190100000,
        "marketingandadvertisingexpense": 116300000,
        "customerserviceexpense": 77700000,
        "generalandadministrativeexpense": 90600000,
        "costdepreciationamortizationanddepletion": 48200000,
        "costsandexpenses": 893100000,
        "operatingincomeloss": 109600000,
        "interestexpense": -3900000,
        "othernonoperatingincomeexpense": -22700000,
        "incomelossfromcontinuingoperationsbeforeincometaxesextraordinaryitemsnoncontrollinginterest": 74900000,
        "incometaxexpensebenefit": 6300000,
        "profitloss": 200000,
        "netincomelossattributabletononcontrollinginterest": 200000,
        "netincomeloss": 68400000,
        "earningspersharebasic": 0.42,
        "earningspersharediluted": 0.41,
        "weightedaveragenumberofsharesoutstandingbasic": 164323000,
        "weightedaveragenumberofdilutedsharesoutstanding": 166811000,
        "allocatedsharebasedcompensationexpense": 61200000,
        "othercomprehensiveincomeforeigncurrencytransactionandtranslationgainlossarisingduringperiodnetoftax": 3200000,
        "othercomprehensiveincomelosscashflowhedgegainlossafterreclassificationandtax": 89900000,
        "othercomprehensiveincomelossforeigncurrencytransactionandtranslationreclassificationadjustmentfromaocirealizeduponsaleorliquidationnetoftax": 34300000,
        "comprehensiveincomenetoftaxincludingportionattributabletononcontrollinginterest": 127400000,
        "comprehensiveincomenetoftaxattributabletononcontrollinginterest": 300000,
        "comprehensiveincomenetoftax": 127100000,
        "othercomprehensiveincomelosscashflowhedgegainlossafterreclassificationtax": -2500000
    },
    {
        "date": "2021-12-30",
        "symbol": "GDDY",
        "period": "Q4",
        "revenuefromcontractwithcustomerexcludingassessedtax": 330800000,
        "costofgoodsandserviceexcludingdepreciationdepletionandamortization": 373200000,
        "technologyrelatedcosts": 175500000,
        "marketingandadvertisingexpense": 120700000.00000001,
        "customerserviceexpense": 75200000,
        "generalandadministrativeexpense": 84900000,
        "costdepreciationamortizationanddepletion": 49900000,
        "costsandexpenses": 894500000,
        "operatingincomeloss": 124800000,
        "interestexpense": -1700000,
        "othernonoperatingincomeexpense": -24600000,
        "incomelossfromcontinuingoperationsbeforeincometaxesextraordinaryitemsnoncontrollinginterest": 91500000,
        "incometaxexpensebenefit": 4100000,
        "profitloss": -10600000,
        "netincomeloss": 87200000,
        "earningspersharebasic": 0.52,
        "earningspersharediluted": 0.51,
        "weightedaveragenumberofsharesoutstandingbasic": -337275000,
        "weightedaveragenumberofdilutedsharesoutstanding": -342900000,
        "allocatedsharebasedcompensationexpense": 53000000,
        "othercomprehensiveincomeforeigncurrencytransactionandtranslationgainlossarisingduringperiodnetoftax": 2300000,
        "othercomprehensiveincomelosscashflowhedgegainlossafterreclassificationandtax": -8000000,
        "othercomprehensiveincomelossforeigncurrencytransactionandtranslationreclassificationadjustmentfromaocirealizeduponsaleorliquidationnetoftax": -14300000,
        "comprehensiveincomenetoftaxincludingportionattributabletononcontrollinginterest": 111800000,
        "comprehensiveincomenetoftax": 112500000,
        "othercomprehensiveincomelosscashflowhedgegainlossafterreclassificationtax": 400000
    },
    {
        "date": "2021-09-29",
        "symbol": "GDDY",
        "period": "Q3",
        "revenuefromcontractwithcustomerexcludingassessedtax": 319700000,
        "costofgoodsandserviceexcludingdepreciationdepletionandamortization": 345800000,
        "technologyrelatedcosts": 172400000,
        "marketingandadvertisingexpense": 124000000,
        "customerserviceexpense": 74000000,
        "generalandadministrativeexpense": 81200000,
        "restructuringchargesandgainlossondispositionofpropertyplantequipment": -15400000,
        "costdepreciationamortizationanddepletion": 50700000,
        "costsandexpenses": 832700000,
        "operatingincomeloss": 131300000.00000001,
        "interestexpense": -2000000,
        "othernonoperatingincomeexpense": -33500000,
        "incomelossfromcontinuingoperationsbeforeincometaxesextraordinaryitemsnoncontrollinginterest": 97600000,
        "incometaxexpensebenefit": -100000,
        "profitloss": 200000,
        "netincomelossattributabletononcontrollinginterest": 200000,
        "netincomeloss": 97500000,
        "earningspersharebasic": 0.58,
        "earningspersharediluted": 0.58,
        "weightedaveragenumberofsharesoutstandingbasic": 167542000,
        "weightedaveragenumberofdilutedsharesoutstanding": 169823000,
        "allocatedsharebasedcompensationexpense": 50900000,
        "othercomprehensiveincomeforeigncurrencytransactionandtranslationgainlossarisingduringperiodnetoftax": 11000000,
        "othercomprehensiveincomelosscashflowhedgegainlossafterreclassificationandtax": 15900000,
        "othercomprehensiveincomelossforeigncurrencytransactionandtranslationreclassificationadjustmentfromaocirealizeduponsaleorliquidationnetoftax": -3800000,
        "comprehensiveincomenetoftaxincludingportionattributabletononcontrollinginterest": 117100000,
        "comprehensiveincomenetoftaxattributabletononcontrollinginterest": 300000,
        "comprehensiveincomenetoftax": 116800000,
        "othercomprehensiveincomelosscashflowhedgegainlossafterreclassificationtax": 300000
    },
    {
        "date": "2021-06-29",
        "symbol": "GDDY",
        "period": "Q2",
        "revenuefromcontractwithcustomerexcludingassessedtax": 317200000,
        "costofgoodsandserviceexcludingdepreciationdepletionandamortization": 332000000,
        "technologyrelatedcosts": 172000000,
        "marketingandadvertisingexpense": 126500000,
        "customerserviceexpense": 78300000,
        "generalandadministrativeexpense": 84500000,
        "costdepreciationamortizationanddepletion": 50000000,
        "costsandexpenses": 843300000,
        "operatingincomeloss": 88000000,
        "interestexpense": -2000000,
        "othernonoperatingincomeexpense": 14800000,
        "incomelossfromcontinuingoperationsbeforeincometaxesextraordinaryitemsnoncontrollinginterest": 54500000,
        "incometaxexpensebenefit": 7600000,
        "profitloss": 100000,
        "netincomelossattributabletononcontrollinginterest": 100000,
        "netincomeloss": 46800000,
        "earningspersharebasic": 0.28,
        "earningspersharediluted": 0.27,
        "weightedaveragenumberofsharesoutstandingbasic": 168204000,
        "weightedaveragenumberofdilutedsharesoutstanding": 171129000,
        "allocatedsharebasedcompensationexpense": 51400000,
        "othercomprehensiveincomeforeigncurrencytransactionandtranslationgainlossarisingduringperiodnetoftax": 900000,
        "othercomprehensiveincomelosscashflowhedgegainlossafterreclassificationandtax": -4200000,
        "othercomprehensiveincomelossforeigncurrencytransactionandtranslationreclassificationadjustmentfromaocirealizeduponsaleorliquidationnetoftax": 5900000,
        "comprehensiveincomenetoftaxincludingportionattributabletononcontrollinginterest": 35800000,
        "comprehensiveincomenetoftaxattributabletononcontrollinginterest": 100000,
        "comprehensiveincomenetoftax": 35700000,
        "othercomprehensiveincomelosscashflowhedgegainlossafterreclassificationbeforetax": -5100000,
        "othercomprehensiveincomelosscashflowhedgegainlossafterreclassificationtax": 1000000
    },
    {
        "date": "2021-03-30",
        "symbol": "GDDY",
        "period": "Q1",
        "revenuefromcontractwithcustomerexcludingassessedtax": 303100000,
        "costofgoodsandserviceexcludingdepreciationdepletionandamortization": 321200000,
        "technologyrelatedcosts": 186400000,
        "marketingandadvertisingexpense": 132699999.99999999,
        "customerserviceexpense": 78600000,
        "generalandadministrativeexpense": 95200000,
        "costdepreciationamortizationanddepletion": 49000000,
        "costsandexpenses": 863100000,
        "operatingincomeloss": 38000000,
        "interestexpense": -2000000,
        "othernonoperatingincomeexpense": -58500000,
        "incomelossfromcontinuingoperationsbeforeincometaxesextraordinaryitemsnoncontrollinginterest": 10000000,
        "incometaxexpensebenefit": -800000,
        "profitloss": 10800000,
        "netincomeloss": 10800000,
        "earningspersharebasic": 0.06,
        "earningspersharediluted": 0.06,
        "weightedaveragenumberofsharesoutstandingbasic": 169435000,
        "weightedaveragenumberofdilutedsharesoutstanding": 173053000,
        "allocatedsharebasedcompensationexpense": 52600000,
        "othercomprehensiveincomeforeigncurrencytransactionandtranslationgainlossarisingduringperiodnetoftax": 2100000,
        "othercomprehensiveincomelosscashflowhedgegainlossafterreclassificationandtax": 27000000,
        "othercomprehensiveincomelossforeigncurrencytransactionandtranslationreclassificationadjustmentfromaocirealizeduponsaleorliquidationnetoftax": -33700000,
        "comprehensiveincomenetoftaxincludingportionattributabletononcontrollinginterest": 71000000,
        "comprehensiveincomenetoftaxattributabletononcontrollinginterest": 300000,
        "comprehensiveincomenetoftax": 70700000,
        "othercomprehensiveincomelosscashflowhedgegainlossafterreclassificationtax": 500000
    },
    {
        "date": "2020-12-30",
        "symbol": "GDDY",
        "period": "Q4",
        "revenuefromcontractwithcustomerexcludingassessedtax": 293200000,
        "costofgoodsandserviceexcludingdepreciationdepletionandamortization": 301900000,
        "technologyrelatedcosts": 148600000,
        "marketingandadvertisingexpense": 125600000,
        "customerserviceexpense": 74300000,
        "generalandadministrativeexpense": 79700000,
        "costdepreciationamortizationanddepletion": 51400000,
        "costsandexpenses": 781400000,
        "operatingincomeloss": 92500000,
        "interestexpense": -1800000,
        "othernonoperatingincomeexpense": 59000000,
        "incomelossfromcontinuingoperationsbeforeincometaxesextraordinaryitemsnoncontrollinginterest": 65400000,
        "incometaxexpensebenefit": -5400000,
        "profitloss": 630600000,
        "netincomeloss": 70500000,
        "earningspersharebasic": 0.3900000000000001,
        "earningspersharediluted": 0.40000000000000013,
        "weightedaveragenumberofsharesoutstandingbasic": -168101000,
        "weightedaveragenumberofdilutedsharesoutstanding": -172248000,
        "allocatedsharebasedcompensationexpense": 49400000,
        "othercomprehensiveincomeforeigncurrencytransactionandtranslationgainlossarisingduringperiodnetoftax": -14500000,
        "othercomprehensiveincomelosscashflowhedgegainlossafterreclassificationandtax": 16400000,
        "othercomprehensiveincomelossforeigncurrencytransactionandtranslationreclassificationadjustmentfromaocirealizeduponsaleorliquidationnetoftax": 200000,
        "comprehensiveincomenetoftaxincludingportionattributabletononcontrollinginterest": 71000000,
        "comprehensiveincomenetoftaxattributabletononcontrollinginterest": 500000,
        "comprehensiveincomenetoftax": 70500000,
        "othercomprehensiveincomelosscashflowhedgegainlossafterreclassificationtax": 600000
    },
    {
        "date": "2020-09-29",
        "symbol": "GDDY",
        "period": "Q3",
        "revenuefromcontractwithcustomerexcludingassessedtax": 283700000,
        "costofgoodsandserviceexcludingdepreciationdepletionandamortization": 290200000,
        "technologyrelatedcosts": 141400000,
        "marketingandadvertisingexpense": 115400000,
        "customerserviceexpense": 73600000,
        "generalandadministrativeexpense": 76400000,
        "restructuringcharges": 4300000,
        "costdepreciationamortizationanddepletion": 50700000,
        "costsandexpenses": 752000000,
        "operatingincomeloss": 92400000,
        "interestexpense": -1100000,
        "taxreceivableagreementexpense": 674700000,
        "othernonoperatingincomeexpense": 58200000,
        "incomelossfromcontinuingoperationsbeforeincometaxesextraordinaryitemsnoncontrollinginterest": 69700000,
        "incometaxexpensebenefit": 4600000,
        "profitloss": 400000,
        "netincomelossattributabletononcontrollinginterest": 400000,
        "netincomeloss": 64700000,
        "earningspersharebasic": 0.39,
        "earningspersharediluted": 0.38,
        "weightedaveragenumberofsharesoutstandingbasic": 167258000,
        "weightedaveragenumberofdilutedsharesoutstanding": 171405000,
        "allocatedsharebasedcompensationexpense": 48100000,
        "othercomprehensiveincomeforeigncurrencytransactionandtranslationgainlossarisingduringperiodnetoftax": -9400000,
        "othercomprehensiveincomelosscashflowhedgegainlossafterreclassificationandtax": -22300000,
        "othercomprehensiveincomelossforeigncurrencytransactionandtranslationreclassificationadjustmentfromaocirealizeduponsaleorliquidationnetoftax": 8400000,
        "comprehensiveincomenetoftaxincludingportionattributabletononcontrollinginterest": 33900000,
        "comprehensiveincomenetoftaxattributabletononcontrollinginterest": 300000,
        "comprehensiveincomenetoftax": 33600000,
        "othercomprehensiveincomelosscashflowhedgegainlossafterreclassificationtax": 500000
    },
    {
        "date": "2020-06-29",
        "symbol": "GDDY",
        "period": "Q2",
        "revenuefromcontractwithcustomerexcludingassessedtax": 266100000.00000003,
        "costofgoodsandserviceexcludingdepreciationdepletionandamortization": 289400000,
        "technologyrelatedcosts": 135900000,
        "marketingandadvertisingexpense": 104400000,
        "customerserviceexpense": 83800000,
        "generalandadministrativeexpense": 82200000,
        "costdepreciationamortizationanddepletion": 48400000,
        "costsandexpenses": 783500000,
        "operatingincomeloss": 22899999.999999993,
        "interestexpense": 1100000,
        "othernonoperatingincomeexpense": 22400000,
        "incomelossfromcontinuingoperationsbeforeincometaxesextraordinaryitemsnoncontrollinginterest": -672300000,
        "incometaxexpensebenefit": 900000,
        "profitloss": -630300000,
        "netincomelossattributabletononcontrollinginterest": 0,
        "netincomeloss": -673200000,
        "earningspersharebasic": -3.97,
        "earningspersharediluted": -3.96,
        "weightedaveragenumberofsharesoutstandingbasic": -3634000,
        "weightedaveragenumberofdilutedsharesoutstanding": -8378000,
        "allocatedsharebasedcompensationexpense": 48600000,
        "othercomprehensiveincomeforeigncurrencytransactionandtranslationgainlossarisingduringperiodnetoftax": -8000000,
        "othercomprehensiveincomelosscashflowhedgegainlossafterreclassificationandtax": -15000000,
        "othercomprehensiveincomelossforeigncurrencytransactionandtranslationreclassificationadjustmentfromaocirealizeduponsaleorliquidationnetoftax": 10700000,
        "comprehensiveincomenetoftaxincludingportionattributabletononcontrollinginterest": -696000000,
        "comprehensiveincomenetoftaxattributabletononcontrollinginterest": -100000,
        "comprehensiveincomenetoftax": -695900000,
        "othercomprehensiveincomelosscashflowhedgegainlossafterreclassificationtax": -2900000
    },
    {
        "date": "2020-03-30",
        "symbol": "GDDY",
        "period": "Q1",
        "revenuefromcontractwithcustomerexcludingassessedtax": 355900000,
        "costofgoodsandserviceexcludingdepreciationdepletionandamortization": 277100000,
        "technologyrelatedcosts": 134500000,
        "marketingandadvertisingexpense": 93100000,
        "customerserviceexpense": 85200000,
        "generalandadministrativeexpense": 85500000,
        "costdepreciationamortizationanddepletion": 52200000,
        "costsandexpenses": 727600000,
        "operatingincomeloss": 64400000,
        "interestexpense": 21200000,
        "othernonoperatingincomeexpense": -1400000,
        "incomelossfromcontinuingoperationsbeforeincometaxesextraordinaryitemsnoncontrollinginterest": 41800000,
        "incometaxexpensebenefit": -1400000,
        "profitloss": 43200000,
        "netincomelossattributabletononcontrollinginterest": 300000,
        "netincomeloss": 42900000,
        "earningspersharebasic": 0.25,
        "earningspersharediluted": 0.24,
        "weightedaveragenumberofsharesoutstandingbasic": 173113000,
        "weightedaveragenumberofdilutedsharesoutstanding": 177857000,
        "allocatedsharebasedcompensationexpense": 100000,
        "othercomprehensiveincomeforeigncurrencytransactionandtranslationgainlossarisingduringperiodnetoftax": 14300000,
        "othercomprehensiveincomelosscashflowhedgegainlossafterreclassificationandtax": 11700000,
        "othercomprehensiveincomelossforeigncurrencytransactionandtranslationreclassificationadjustmentfromaocirealizeduponsaleorliquidationnetoftax": 24900000,
        "comprehensiveincomenetoftaxincludingportionattributabletononcontrollinginterest": 44300000,
        "comprehensiveincomenetoftaxattributabletononcontrollinginterest": 400000,
        "comprehensiveincomenetoftax": 43900000,
        "othercomprehensiveincomelosscashflowhedgegainlossafterreclassificationtax": 4000000
    },
    {
        "date": "2019-12-30",
        "symbol": "GDDY",
        "period": "Q4",
        "revenuefromcontractwithcustomerexcludingassessedtax": 352300000,
        "technologyrelatedcosts": 125000000,
        "marketingandadvertisingexpense": 85400000,
        "customerserviceexpense": 84800000,
        "generalandadministrativeexpense": 92100000,
        "costdepreciationamortizationanddepletion": 48800000,
        "costsandexpenses": 706900000,
        "operatingincomeloss": 73500000,
        "interestexpense": 21700000,
        "othernonoperatingincomeexpense": 5000000,
        "incomelossfromcontinuingoperationsbeforeincometaxesextraordinaryitemsnoncontrollinginterest": 56500000,
        "incometaxexpensebenefit": -4600000,
        "profitloss": 61100000,
        "netincomelossattributabletononcontrollinginterest": 600000,
        "netincomeloss": 60500000,
        "earningspersharebasic": 0.35000000000000003,
        "earningspersharediluted": 0.34,
        "weightedaveragenumberofsharesoutstandingbasic": -526000,
        "weightedaveragenumberofdilutedsharesoutstanding": -1205000,
        "allocatedsharebasedcompensationexpense": 100000,
        "othercomprehensiveincomelosscashflowhedgegainlossafterreclassificationandtax": 2300000,
        "comprehensiveincomenetoftaxincludingportionattributabletononcontrollinginterest": 81600000,
        "comprehensiveincomenetoftaxattributabletononcontrollinginterest": 800000,
        "comprehensiveincomenetoftax": 80800000
    },
    {
        "date": "2019-09-29",
        "symbol": "GDDY",
        "period": "Q3",
        "profitloss": 76800000,
        "othercomprehensiveincomelosscashflowhedgegainlossafterreclassificationandtax": 9600000,
        "othercomprehensiveincomelossforeigncurrencytransactionandtranslationadjustmentnetoftax": 7700000,
        "comprehensiveincomenetoftaxincludingportionattributabletononcontrollinginterest": 96100000,
        "comprehensiveincomenetoftaxattributabletononcontrollinginterest": 800000,
        "comprehensiveincomenetoftax": 95300000,
        "revenuefromcontractwithcustomerexcludingassessedtax": 345300000,
        "technologyrelatedcosts": 116400000,
        "marketingandadvertisingexpense": 79600000,
        "customerserviceexpense": 86000000,
        "generalandadministrativeexpense": 72200000,
        "costdepreciationamortizationanddepletion": 49900000,
        "costsandexpenses": 669100000,
        "operatingincomeloss": 91400000,
        "interestexpense": 22900000,
        "othernonoperatingincomeexpense": 5600000,
        "incomelossfromcontinuingoperationsbeforeincometaxesextraordinaryitemsnoncontrollinginterest": 74100000,
        "incometaxexpensebenefit": -2700000,
        "netincomelossattributabletononcontrollinginterest": 600000,
        "netincomeloss": 76200000,
        "earningspersharebasic": 0.43,
        "earningspersharediluted": 0.42,
        "weightedaveragenumberofsharesoutstandingbasic": -173051000,
        "weightedaveragenumberofdilutedsharesoutstanding": -176229000,
        "allocatedsharebasedcompensationexpense": -19900000
    },
    {
        "date": "2019-06-29",
        "symbol": "GDDY",
        "period": "Q2",
        "profitloss": -12700000,
        "othercomprehensiveincomelosscashflowhedgegainlossafterreclassificationandtax": -10100000,
        "othercomprehensiveincomelossforeigncurrencytransactionandtranslationadjustmentnetoftax": -21500000,
        "comprehensiveincomenetoftaxincludingportionattributabletononcontrollinginterest": -44300000,
        "comprehensiveincomenetoftaxattributabletononcontrollinginterest": -400000,
        "comprehensiveincomenetoftax": -43900000,
        "revenuefromcontractwithcustomerexcludingassessedtax": 334400000,
        "costofgoodsandserviceexcludingdepreciationdepletionandamortization": 254600000,
        "technologyrelatedcosts": 127200000,
        "marketingandadvertisingexpense": 90300000,
        "customerserviceexpense": 87600000,
        "generalandadministrativeexpense": 104800000,
        "costdepreciationamortizationanddepletion": 53800000,
        "costsandexpenses": 718300000,
        "operatingincomeloss": 18900000,
        "interestexpense": 23100000,
        "gainslossesonextinguishmentofdebt": -14500000,
        "othernonoperatingincomeexpense": 5200000,
        "incomelossfromcontinuingoperationsbeforeincometaxesextraordinaryitemsnoncontrollinginterest": -13500000,
        "incometaxexpensebenefit": -800000,
        "netincomelossattributabletononcontrollinginterest": -100000,
        "netincomeloss": -12600000,
        "earningspersharebasic": -0.07,
        "earningspersharediluted": -0.07,
        "weightedaveragenumberofsharesoutstandingbasic": 176007000,
        "weightedaveragenumberofdilutedsharesoutstanding": 176007000,
        "allocatedsharebasedcompensationexpense": 200000
    },
    {
        "date": "2019-03-30",
        "symbol": "GDDY",
        "period": "Q1",
        "profitloss": 13200000,
        "othercomprehensiveincomeforeigncurrencytransactionandtranslationgainlossarisingduringperiodnetoftax": 800000,
        "othercomprehensiveincomelosscashflowhedgegainlossafterreclassificationandtax": -1000000,
        "othercomprehensiveincomelossforeigncurrencytransactionandtranslationadjustmentnetoftax": 27800000,
        "comprehensiveincomenetoftaxincludingportionattributabletononcontrollinginterest": 40800000,
        "comprehensiveincomenetoftaxattributabletononcontrollinginterest": 1000000,
        "comprehensiveincomenetoftax": 39800000,
        "revenuefromcontractwithcustomerexcludingassessedtax": 319600000,
        "costofservicesexcludingdepreciationdepletionandamortization": 236400000,
        "technologyrelatedcosts": 124000000,
        "marketingandadvertisingexpense": 90300000,
        "customerserviceexpense": 90300000,
        "generalandadministrativeexpense": 93000000,
        "costdepreciationamortizationanddepletion": 57200000,
        "costsandexpenses": 691200000,
        "operatingincomeloss": 18800000,
        "interestexpense": 24400000,
        "adjustmentrelatedtotaxreceivableagreement": -8700000,
        "othernonoperatingincomeexpense": 6200000,
        "incomelossfromcontinuingoperationsbeforeincometaxesextraordinaryitemsnoncontrollinginterest": 9300000,
        "incometaxexpensebenefit": -3900000,
        "netincomelossattributabletononcontrollinginterest": 300000,
        "netincomeloss": 12900000,
        "earningspersharebasic": 0.08,
        "earningspersharediluted": 0.07,
        "weightedaveragenumberofsharesoutstandingbasic": 171001000,
        "weightedaveragenumberofdilutedsharesoutstanding": 183148000,
        "allocatedsharebasedcompensationexpense": 20000000
    },
    {
        "date": "2018-12-30",
        "symbol": "GDDY",
        "period": "Q4",
        "profitloss": 42500000,
        "othercomprehensiveincomeforeigncurrencytransactionandtranslationgainlossarisingduringperiodnetoftax": 800000,
        "othercomprehensiveincomeunrealizedgainlossonderivativesarisingduringperiodnetoftax": -900000,
        "othercomprehensiveincomelossforeigncurrencytransactionandtranslationadjustmentnetoftax": -6300000,
        "comprehensiveincomenetoftaxincludingportionattributabletononcontrollinginterest": 37100000,
        "comprehensiveincomenetoftaxattributabletononcontrollinginterest": 700000,
        "comprehensiveincomenetoftax": 36400000,
        "technologyrelatedcosts": 114700000,
        "marketingandadvertisingexpense": 79400000,
        "customerserviceexpense": 84600000,
        "generalandadministrativeexpense": 86900000,
        "operatingincomeloss": 41800000,
        "interestexpense": 24900000,
        "othernonoperatingincomeexpense": 5000000,
        "incomelossfromcontinuingoperationsbeforeincometaxesextraordinaryitemsnoncontrollinginterest": 36900000,
        "incometaxexpensebenefit": -12500000,
        "netincomelossattributabletononcontrollinginterest": 1000000,
        "netincomeloss": 42500000,
        "earningspersharebasic": 0.26999999999999996,
        "earningspersharediluted": 0.24000000000000002,
        "weightedaveragenumberofsharesoutstandingbasic": 4219000,
        "weightedaveragenumberofdilutedsharesoutstanding": 415000,
        "allocatedsharebasedcompensationexpense": 16000000
    },
    {
        "date": "2018-09-29",
        "symbol": "GDDY",
        "period": "Q3",
        "profitloss": 13200000,
        "othercomprehensiveincomeforeigncurrencytransactionandtranslationgainlossarisingduringperiodnetoftax": 1100000,
        "othercomprehensiveincomeunrealizedgainlossonderivativesarisingduringperiodnetoftax": 3500000,
        "othercomprehensiveincomelossforeigncurrencytransactionandtranslationadjustmentnetoftax": -2800000,
        "comprehensiveincomenetoftaxincludingportionattributabletononcontrollinginterest": 15900000,
        "comprehensiveincomenetoftaxattributabletononcontrollinginterest": 900000,
        "comprehensiveincomenetoftax": 15000000,
        "technologyrelatedcosts": 112200000,
        "marketingandadvertisingexpense": 70100000,
        "customerserviceexpense": 81800000,
        "generalandadministrativeexpense": 89700000,
        "operatingincomeloss": 37500000,
        "interestexpense": 25000000,
        "othernonoperatingincomeexpense": 700000,
        "incomelossfromcontinuingoperationsbeforeincometaxesextraordinaryitemsnoncontrollinginterest": 13200000,
        "incometaxexpensebenefit": -900000,
        "netincomelossattributabletononcontrollinginterest": 900000,
        "netincomeloss": 13200000,
        "earningspersharebasic": 0.08,
        "earningspersharediluted": 0.06999999999999998,
        "weightedaveragenumberofsharesoutstandingbasic": 5766000,
        "weightedaveragenumberofdilutedsharesoutstanding": 983000,
        "allocatedsharebasedcompensationexpense": 14500000
    },
    {
        "date": "2018-06-29",
        "symbol": "GDDY",
        "period": "Q2",
        "profitloss": 18100000,
        "othercomprehensiveincomeforeigncurrencytransactionandtranslationgainlossarisingduringperiodnetoftax": 7700000,
        "othercomprehensiveincomeunrealizedgainlossonderivativesarisingduringperiodnetoftax": 8600000,
        "othercomprehensiveincomelossforeigncurrencytransactionandtranslationadjustmentnetoftax": -2000000,
        "comprehensiveincomenetoftaxincludingportionattributabletononcontrollinginterest": 34500000,
        "comprehensiveincomenetoftaxattributabletononcontrollinginterest": 3800000,
        "comprehensiveincomenetoftax": 30700000,
        "technologyrelatedcosts": 105100000,
        "marketingandadvertisingexpense": 67400000,
        "customerserviceexpense": 76300000,
        "generalandadministrativeexpense": 81000000,
        "operatingincomeloss": 43500000,
        "interestexpense": 24700000,
        "relatedpartytransactionexpensesfromtransactionswithrelatedparty": 0,
        "othernonoperatingincomeexpense": 200000,
        "incomelossfromcontinuingoperationsbeforeincometaxesextraordinaryitemsnoncontrollinginterest": 19000000,
        "incometaxexpensebenefit": -1200000,
        "netincomelossattributabletononcontrollinginterest": 2100000,
        "netincomeloss": 18100000,
        "earningspersharebasic": 0.13,
        "earningspersharediluted": 0.12000000000000001,
        "weightedaveragenumberofsharesoutstandingbasic": 7408000,
        "weightedaveragenumberofdilutedsharesoutstanding": 1168000,
        "allocatedsharebasedcompensationexpense": 13600000
    },
    {
        "date": "2018-03-30",
        "symbol": "GDDY",
        "period": "Q1",
        "profitloss": 3300000,
        "othercomprehensiveincomeforeigncurrencytransactionandtranslationgainlossarisingduringperiodnetoftax": -700000,
        "othercomprehensiveincomeunrealizedgainlossonderivativesarisingduringperiodnetoftax": 3000000,
        "othercomprehensiveincomelossforeigncurrencytransactionandtranslationadjustmentnetoftax": 5600000,
        "comprehensiveincomenetoftaxincludingportionattributabletononcontrollinginterest": 12100000,
        "comprehensiveincomenetoftaxattributabletononcontrollinginterest": 3500000,
        "comprehensiveincomenetoftax": 8600000,
        "revenues": 633200000,
        "costofservices": 215300000,
        "technologyrelatedcosts": 102000000,
        "marketingandadvertisingexpense": 74500000,
        "customerserviceexpense": 80400000,
        "generalandadministrativeexpense": 76400000,
        "depreciationdepletionandamortization": 57800000,
        "operatingexpenses": 606400000,
        "operatingincomeloss": 26800000,
        "interestexpense": 23800000,
        "relatedpartytransactionexpensesfromtransactionswithrelatedparty": 100000,
        "othernonoperatingincomeexpense": 1000000,
        "incomelossfromcontinuingoperationsbeforeincometaxesextraordinaryitemsnoncontrollinginterest": 3900000,
        "incometaxexpensebenefit": -300000,
        "netincomelossattributabletononcontrollinginterest": 900000,
        "netincomeloss": 3300000,
        "earningspersharebasic": 0.02,
        "earningspersharediluted": 0.02,
        "weightedaveragenumberofsharesoutstandingbasic": 137841000,
        "weightedaveragenumberofdilutedsharesoutstanding": 178787000,
        "allocatedsharebasedcompensationexpense": 13700000
    },
    {
        "date": "2017-12-30",
        "symbol": "GDDY",
        "period": "Q4",
        "profitloss": 92600000,
        "salesrevenueservicesnet": 207300000,
        "costofservices": 202000000,
        "technologyrelatedcosts": 94500000,
        "marketingandadvertisingexpense": 64500000,
        "customerserviceexpense": 75300000,
        "generalandadministrativeexpense": 84200000,
        "operatingexpenses": 579200000,
        "operatingincomeloss": 23000000,
        "interestexpense": 23800000,
        "othernonoperatingincomeexpense": 900000,
        "incomelossfromcontinuingoperationsbeforeincometaxesextraordinaryitemsnoncontrollinginterest": 86000000,
        "netincomelossattributabletononcontrollinginterest": 2200000,
        "netincomeloss": 92600000,
        "earningspersharebasic": 0.8200000000000001,
        "earningspersharediluted": 0.54,
        "weightedaveragenumberofsharesoutstandingbasic": 6608000,
        "weightedaveragenumberofdilutedsharesoutstanding": 45000,
        "allocatedsharebasedcompensationexpense": 10500000
    },
    {
        "date": "2017-09-29",
        "symbol": "GDDY",
        "period": "Q3",
        "profitloss": 22400000,
        "salesrevenueservicesnet": 198100000,
        "costofservices": 200300000,
        "technologyrelatedcosts": 91000000,
        "marketingandadvertisingexpense": 58800000,
        "customerserviceexpense": 74600000,
        "generalandadministrativeexpense": 65400000,
        "operatingexpenses": 550100000,
        "operatingincomeloss": 32100000,
        "interestexpense": 24400000,
        "relatedpartytransactionexpensesfromtransactionswithrelatedparty": 0,
        "othernonoperatingincomeexpense": 1700000,
        "incomelossfromcontinuingoperationsbeforeincometaxesextraordinaryitemsnoncontrollinginterest": 4100000,
        "incometaxexpensebenefit": 0,
        "netincomelossattributabletononcontrollinginterest": 7600000,
        "netincomeloss": 22400000,
        "earningspersharebasic": 0.21,
        "earningspersharediluted": 0.16999999999999998,
        "weightedaveragenumberofsharesoutstandingbasic": 6437000,
        "weightedaveragenumberofdilutedsharesoutstanding": -787000,
        "allocatedsharebasedcompensationexpense": 9300000
    },
    {
        "date": "2017-06-29",
        "symbol": "GDDY",
        "period": "Q2",
        "profitloss": 20800000,
        "salesrevenueservicesnet": -167700000,
        "costofservices": 196400000,
        "technologyrelatedcosts": 90100000,
        "marketingandadvertisingexpense": 62500000,
        "customerserviceexpense": 75400000,
        "generalandadministrativeexpense": 71800000,
        "operatingexpenses": 551700000,
        "operatingincomeloss": 6100000,
        "interestexpense": 22000000,
        "relatedpartytransactionexpensesfromtransactionswithrelatedparty": -32000000,
        "gainslossesonextinguishmentofdebt": 0,
        "othernonoperatingincomeexpense": 2700000,
        "incomelossfromcontinuingoperationsbeforeincometaxesextraordinaryitemsnoncontrollinginterest": 18800000,
        "incometaxexpensebenefit": -34600000,
        "netincomelossattributabletononcontrollinginterest": -2700000,
        "netincomeloss": 20800000,
        "earningspersharebasic": 0.21,
        "earningspersharediluted": 0.07,
        "weightedaveragenumberofsharesoutstandingbasic": 6134000,
        "weightedaveragenumberofdilutedsharesoutstanding": 77554000,
        "allocatedsharebasedcompensationexpense": 8900000
    },
    {
        "date": "2017-03-30",
        "symbol": "GDDY",
        "period": "Q1",
        "salesrevenueservicesnet": 489700000,
        "costofservices": 176800000,
        "technologyrelatedcosts": 80200000,
        "marketingandadvertisingexpense": 67400000,
        "customerserviceexpense": 67000000,
        "generalandadministrativeexpense": 61000000,
        "depreciationandamortization": 31600000,
        "operatingexpenses": 484000000,
        "operatingincomeloss": 5700000,
        "interestexpense": 12800000,
        "relatedpartytransactionexpensesfromtransactionswithrelatedparty": -5000000,
        "gainslossesonextinguishmentofdebt": -1700000,
        "othernonoperatingincomeexpense": 1700000,
        "incomelossfromcontinuingoperationsbeforeincometaxesextraordinaryitemsnoncontrollinginterest": -2100000,
        "incometaxexpensebenefit": 1000000,
        "profitloss": 600000,
        "netincomelossattributabletononcontrollinginterest": -3700000,
        "netincomeloss": 600000,
        "earningspersharebasic": 0.01,
        "earningspersharediluted": 0.01,
        "weightedaveragenumberofsharesoutstandingbasic": 89600000,
        "weightedaveragenumberofdilutedsharesoutstanding": 100242000,
        "allocatedsharebasedcompensationexpense": 8400000
    },
    {
        "date": "2016-12-30",
        "symbol": "GDDY",
        "period": "Q4",
        "salesrevenueservicesnet": 136900000,
        "costofservices": 172100000,
        "technologyrelatedcosts": 73600000,
        "marketingandadvertisingexpense": 57900000,
        "customerserviceexpense": 58500000,
        "generalandadministrativeexpense": 67400000,
        "depreciationandamortization": 38500000,
        "operatingexpenses": 468000000,
        "operatingincomeloss": 17900000,
        "interestexpense": 14200000,
        "othernonoperatingincomeexpense": -1100000,
        "incomelossfromcontinuingoperationsbeforeincometaxesextraordinaryitemsnoncontrollinginterest": -500000,
        "incometaxexpensebenefit": 300000,
        "profitloss": -3200000,
        "netincomelossattributabletononcontrollinginterest": 1100000,
        "netincomeloss": -1900000,
        "allocatedsharebasedcompensationexpense": 6300000
    },
    {
        "date": "2016-09-29",
        "symbol": "GDDY",
        "period": "Q3",
        "salesrevenueservicesnet": 129200000,
        "costofservices": 169200000,
        "technologyrelatedcosts": 72300000,
        "marketingandadvertisingexpense": 53400000,
        "customerserviceexpense": 59800000,
        "generalandadministrativeexpense": 52800000,
        "depreciationandamortization": 43400000,
        "operatingexpenses": 450900000,
        "operatingincomeloss": 21200000,
        "interestexpense": 14400000,
        "relatedpartytransactionexpensesfromtransactionswithrelatedparty": -1300000,
        "othernonoperatingincomeexpense": -700000,
        "incomelossfromcontinuingoperationsbeforeincometaxesextraordinaryitemsnoncontrollinginterest": 7400000,
        "incometaxexpensebenefit": -900000,
        "profitloss": 8300000,
        "netincomelossattributabletononcontrollinginterest": 3500000,
        "netincomeloss": 4800000,
        "earningspersharebasic": 0.06,
        "earningspersharediluted": 0.05,
        "weightedaveragenumberofsharesoutstandingbasic": 83733000,
        "weightedaveragenumberofdilutedsharesoutstanding": 96743000,
        "allocatedsharebasedcompensationexpense": 7000000
    },
    {
        "date": "2016-06-29",
        "symbol": "GDDY",
        "period": "Q2",
        "salesrevenueservicesnet": 119000000,
        "costofservices": 162100000,
        "technologyrelatedcosts": 70200000,
        "marketingandadvertisingexpense": 60000000,
        "customerserviceexpense": 62100000,
        "generalandadministrativeexpense": 52800000,
        "depreciationandamortization": 39300000,
        "operatingexpenses": 446500000,
        "operatingincomeloss": 9700000,
        "interestexpense": 14300000,
        "relatedpartytransactionexpensesfromtransactionswithrelatedparty": 6100000,
        "othernonoperatingincomeexpense": -800000,
        "incomelossfromcontinuingoperationsbeforeincometaxesextraordinaryitemsnoncontrollinginterest": -11500000,
        "incometaxexpensebenefit": -400000,
        "profitloss": -11100000,
        "netincomelossattributabletononcontrollinginterest": -2200000,
        "netincomeloss": -8900000,
        "earningspersharebasicanddiluted": -0.11,
        "weightedaveragenumberofshareoutstandingbasicanddiluted": 79872000,
        "allocatedsharebasedcompensationexpense": 4400000
    },
    {
        "date": "2016-03-30",
        "symbol": "GDDY",
        "period": "Q1",
        "salesrevenueservicesnet": 112700000,
        "costofservices": 154400000,
        "technologyrelatedcosts": 71700000,
        "marketingandadvertisingexpense": 57500000,
        "customerserviceexpense": 61700000,
        "generalandadministrativeexpense": 48200000,
        "depreciationandamortization": 38900000,
        "operatingexpenses": 432400000,
        "operatingincomeloss": 1300000,
        "interestexpense": 14300000,
        "relatedpartytransactionexpensesfromtransactionswithrelatedparty": 4600000,
        "othernonoperatingincomeexpense": 700000,
        "incomelossfromcontinuingoperationsbeforeincometaxesextraordinaryitemsnoncontrollinginterest": -16900000,
        "incometaxexpensebenefit": 1400000,
        "profitloss": -10500000,
        "netincomelossattributabletononcontrollinginterest": -7800000,
        "netincomeloss": -10500000,
        "earningspersharebasicanddiluted": -0.15,
        "weightedaveragenumberofshareoutstandingbasicanddiluted": 67834000,
        "allocatedsharebasedcompensationexpense": 5500000
    },
    {
        "date": "2015-12-30",
        "symbol": "GDDY",
        "period": "Q4",
        "salesrevenueservicesnet": 113300000,
        "costofservices": 145000000,
        "technologyrelatedcosts": 67400000,
        "marketingandadvertisingexpense": 51400000,
        "customerserviceexpense": 54300000,
        "depreciationandamortization": 42400000,
        "operatingexpenses": 412600000,
        "operatingincomeloss": 12800000,
        "interestexpense": 14500000,
        "incomelossfromcontinuingoperationsbeforeincometaxesextraordinaryitemsnoncontrollinginterest": -1400000,
        "incometaxexpensebenefit": -900000,
        "netincomeloss": -1500000,
        "earningspersharebasicanddiluted": 0.009999999999999898,
        "weightedaveragenumberofshareoutstandingbasicanddiluted": 2523000,
        "allocatedsharebasedcompensationexpense": 5700000
    },
    {
        "date": "2015-09-29",
        "symbol": "GDDY",
        "period": "Q3",
        "salesrevenueservicesnet": 105300000,
        "costofservices": 144000000,
        "technologyrelatedcosts": 67500000,
        "marketingandadvertisingexpense": 49300000,
        "customerserviceexpense": 54800000,
        "generalandadministrativeexpense": 0,
        "depreciationandamortization": 40600000,
        "operatingexpenses": 400800000,
        "operatingincomeloss": 10300000,
        "interestexpense": 14600000,
        "othernonoperatingincomeexpense": 0,
        "incomelossfromcontinuingoperationsbeforeincometaxesextraordinaryitemsnoncontrollinginterest": -4300000,
        "incometaxexpensebenefit": 900000,
        "netincomeloss": -4100000,
        "earningspersharebasicanddiluted": -0.009999999999999898,
        "weightedaveragenumberofshareoutstandingbasicanddiluted": 4423000,
        "allocatedsharebasedcompensationexpense": 4400000
    },
    {
        "date": "2015-06-29",
        "symbol": "GDDY",
        "period": "Q2",
        "salesrevenueservicesnet": 100200000,
        "costofservices": 139700000,
        "technologyrelatedcosts": 67700000,
        "marketingandadvertisingexpense": 50800000,
        "customerserviceexpense": 55700000,
        "generalandadministrativeexpense": 26700000,
        "depreciationandamortization": 38400000,
        "operatingexpenses": 428100000,
        "operatingincomeloss": -33600000,
        "interestexpense": 16600000,
        "othernonoperatingincomeexpense": 500000,
        "incomelossfromcontinuingoperationsbeforeincometaxesextraordinaryitemsnoncontrollinginterest": -71100000,
        "incometaxexpensebenefit": 200000,
        "netincomeloss": 1600000,
        "earningspersharebasicanddiluted": -0.47000000000000003,
        "weightedaveragenumberofshareoutstandingbasicanddiluted": -77352591,
        "allocatedsharebasedcompensationexpense": 4300000
    },
    {
        "date": "2015-03-30",
        "symbol": "GDDY",
        "period": "Q1",
        "salesrevenueservicesnet": 95900000,
        "costofservices": 137200000,
        "technologyrelatedcosts": 67600000,
        "marketingandadvertisingexpense": 50700000,
        "customerserviceexpense": 56700000,
        "generalandadministrativeexpense": 600000,
        "depreciationandamortization": 37400000,
        "operatingexpenses": 396800000,
        "operatingincomeloss": -20500000,
        "interestexpense": 23500000,
        "othernonoperatingincomeexpense": 200000,
        "incomelossfromcontinuingoperationsbeforeincometaxesextraordinaryitemsnoncontrollinginterest": -43800000,
        "incometaxexpensebenefit": -400000,
        "netincomeloss": -43400000,
        "earningspersharebasicanddiluted": -0.34,
        "weightedaveragenumberofshareoutstandingbasicanddiluted": 129082591,
        "allocatedsharebasedcompensationexpense": 3800000
    }
]