[
    {
        "date": "2024-09-29",
        "symbol": "BA",
        "period": "Q3",
        "revenues": -8693000000,
        "costofgoodsandservicessold": -16678000000,
        "costofrevenue": 21347000000,
        "grossprofit": -3507000000,
        "incomelossfrominvestments": -15000000,
        "generalandadministrativeexpense": 1085000000,
        "researchanddevelopmentexpense": -1529000000,
        "operatingincomeloss": -4703000000,
        "othernonoperatingincomeexpense": 265000000,
        "interestanddebtexpense": 728000000,
        "incomelossfromcontinuingoperationsbeforeincometaxesextraordinaryitemsnoncontrollinginterest": -6224000000,
        "incometaxexpensebenefit": -50000000,
        "profitloss": -6174000000,
        "netincomeloss": -6170000000,
        "earningspersharebasic": -10.01,
        "earningspersharediluted": -10.01,
        "weightedaveragenumberofsharesissueddiluted": 616100000,
        "othercomprehensiveincomelossforeigncurrencytransactionandtranslationadjustmentnetoftax": 54000000,
        "othercomprehensiveincomelosscashflowhedgegainlossbeforereclassificationaftertax": 63000000,
        "othercomprehensiveincomelosscashflowhedgegainlossreclassificationaftertax": 0,
        "othercomprehensiveincomelosscashflowhedgegainlossafterreclassificationandtax": 63000000,
        "othercomprehensiveincomedefinedbenefitplansnetunamortizedgainlossarisingduringperiodnetoftax": 0,
        "othercomprehensiveincomelossreclassificationadjustmentfromaocipensionandotherpostretirementbenefitplansfornetgainlossnetoftax": -12000000,
        "othercomprehensiveincomelossamortizationadjustmentfromaocipensionandotherpostretirementbenefitplansfornetpriorservicecostcreditnetoftax": -12000000,
        "othercomprehensiveincomelosspensionandotherpostretirementbenefitplansadjustmentnetoftax": -1000000,
        "othercomprehensiveincomelossnetoftaxportionattributabletoparent": 119000000,
        "comprehensiveincomenetoftaxincludingportionattributabletononcontrollinginterest": -6055000000,
        "comprehensiveincomenetoftax": -6051000000,
        "othercomprehensiveincomelosscashflowhedgegainlossbeforereclassificationtax": 25000000,
        "othercomprehensiveincomelosscashflowhedgegainlossreclassificationtax": 1000000,
        "othercomprehensiveincomelossreclassificationadjustmentfromaocipensionandotherpostretirementbenefitplansfornetgainlosstax": -10000000,
        "othercomprehensiveincomelossamortizationadjustmentfromaocipensionandotherpostretirementbenefitplansfornetpriorservicecostcredittax": -11000000
    },
    {
        "date": "2024-06-29",
        "symbol": "BA",
        "period": "Q2",
        "revenues": 13524000000,
        "costofgoodsandservicessold": 12907000000,
        "costofrevenue": 15637000000,
        "grossprofit": 1229000000,
        "incomelossfrominvestments": 7000000,
        "generalandadministrativeexpense": 1377000000,
        "researchanddevelopmentexpense": 954000000,
        "operatingincomeloss": -1090000000,
        "othernonoperatingincomeexpense": 248000000,
        "interestanddebtexpense": 673000000,
        "incomelossfromcontinuingoperationsbeforeincometaxesextraordinaryitemsnoncontrollinginterest": -1515000000,
        "incometaxexpensebenefit": -76000000,
        "profitloss": -1439000000,
        "netincomelossattributabletononcontrollinginterest": 0,
        "netincomeloss": -1439000000,
        "earningspersharebasic": -2.34,
        "earningspersharediluted": -2.34,
        "weightedaveragenumberofsharesissueddiluted": 614800000,
        "othercomprehensiveincomelossforeigncurrencytransactionandtranslationadjustmentnetoftax": 11000000,
        "othercomprehensiveincomelosscashflowhedgegainlossbeforereclassificationaftertax": -11000000,
        "othercomprehensiveincomelosscashflowhedgegainlossreclassificationaftertax": -19000000,
        "othercomprehensiveincomelosscashflowhedgegainlossafterreclassificationandtax": 8000000,
        "othercomprehensiveincomedefinedbenefitplansnetunamortizedgainlossarisingduringperiodnetoftax": 1000000,
        "othercomprehensiveincomelossreclassificationadjustmentfromaocipensionandotherpostretirementbenefitplansfornetgainlossnetoftax": -15000000,
        "othercomprehensiveincomelossamortizationadjustmentfromaocipensionandotherpostretirementbenefitplansfornetpriorservicecostcreditnetoftax": -15000000,
        "pensionandpostretirementbenefitsrelatedtoequitymethodinvestmentsnetoftax": 0,
        "othercomprehensiveincomelosspensionandotherpostretirementbenefitplansadjustmentnetoftax": -1000000,
        "othercomprehensiveincomelossnetoftaxportionattributabletoparent": 20000000,
        "comprehensiveincomenetoftaxincludingportionattributabletononcontrollinginterest": -1419000000,
        "comprehensiveincomenetoftaxattributabletononcontrollinginterest": 0,
        "comprehensiveincomenetoftax": -1419000000,
        "othercomprehensiveincomelosscashflowhedgegainlossbeforereclassificationtax": -3000000,
        "othercomprehensiveincomelosscashflowhedgegainlossreclassificationtax": -6000000,
        "othercomprehensiveincomedefinedbenefitplansnetunamortizedgainlossarisingduringperiodtax": 0,
        "othercomprehensiveincomelossreclassificationadjustmentfromaocipensionandotherpostretirementbenefitplansfornetgainlosstax": -8000000,
        "othercomprehensiveincomelossamortizationadjustmentfromaocipensionandotherpostretirementbenefitplansfornetpriorservicecostcredittax": -8000000,
        "pensionandpostretirementbenefitsrelatedtoourequitymethodinvestmentstax": 0
    },
    {
        "date": "2024-03-30",
        "symbol": "BA",
        "period": "Q1",
        "revenues": 13268000000,
        "costofgoodsandservicessold": 12064000000,
        "costofrevenue": 14693000000,
        "grossprofit": 1876000000,
        "incomelossfrominvestments": 67000000,
        "generalandadministrativeexpense": 1161000000,
        "researchanddevelopmentexpense": 868000000,
        "operatingincomeloss": -86000000,
        "othernonoperatingincomeexpense": 277000000,
        "interestanddebtexpense": 569000000,
        "incomelossfromcontinuingoperationsbeforeincometaxesextraordinaryitemsnoncontrollinginterest": -378000000,
        "incometaxexpensebenefit": -23000000,
        "profitloss": -355000000,
        "netincomelossattributabletononcontrollinginterest": -12000000,
        "netincomeloss": -343000000,
        "earningspersharebasic": -0.56,
        "earningspersharediluted": -0.56,
        "weightedaveragenumberofsharesissueddiluted": 613200000,
        "othercomprehensiveincomelossforeigncurrencytransactionandtranslationadjustmentnetoftax": -35000000,
        "othercomprehensiveincomelosscashflowhedgegainlossbeforereclassificationaftertax": -65000000,
        "othercomprehensiveincomelosscashflowhedgegainlossreclassificationaftertax": -7000000,
        "othercomprehensiveincomelosscashflowhedgegainlossafterreclassificationandtax": -58000000,
        "othercomprehensiveincomedefinedbenefitplansnetunamortizedgainlossarisingduringperiodnetoftax": -19000000,
        "othercomprehensiveincomelossreclassificationadjustmentfromaocipensionandotherpostretirementbenefitplansfornetgainlossnetoftax": -11000000,
        "othercomprehensiveincomelossamortizationadjustmentfromaocipensionandotherpostretirementbenefitplansfornetpriorservicecostcreditnetoftax": -11000000,
        "pensionandpostretirementbenefitsrelatedtoequitymethodinvestmentsnetoftax": -5000000,
        "othercomprehensiveincomelosspensionandotherpostretirementbenefitplansadjustmentnetoftax": 14000000,
        "othercomprehensiveincomelossnetoftaxportionattributabletoparent": -107000000,
        "comprehensiveincomenetoftaxincludingportionattributabletononcontrollinginterest": -462000000,
        "comprehensiveincomenetoftaxattributabletononcontrollinginterest": -12000000,
        "comprehensiveincomenetoftax": -450000000,
        "othercomprehensiveincomelosscashflowhedgegainlossbeforereclassificationtax": -19000000,
        "othercomprehensiveincomelosscashflowhedgegainlossreclassificationtax": -2000000,
        "othercomprehensiveincomedefinedbenefitplansnetunamortizedgainlossarisingduringperiodtax": -17000000,
        "othercomprehensiveincomelossreclassificationadjustmentfromaocipensionandotherpostretirementbenefitplansfornetgainlosstax": -12000000,
        "othercomprehensiveincomelossamortizationadjustmentfromaocipensionandotherpostretirementbenefitplansfornetpriorservicecostcredittax": -12000000,
        "pensionandpostretirementbenefitsrelatedtoourequitymethodinvestmentstax": -3000000
    },
    {
        "date": "2023-12-30",
        "symbol": "BA",
        "period": "Q4",
        "revenues": 18920000000,
        "costofgoodsandservicessold": 16724000000,
        "costofrevenue": 19321000000,
        "grossprofit": 2697000000,
        "incomelossfrominvestments": 1000000,
        "generalandadministrativeexpense": 1535000000,
        "researchanddevelopmentexpense": 881000000,
        "operatingincomeloss": 283000000,
        "othernonoperatingincomeexpense": 308000000,
        "interestanddebtexpense": 600000000,
        "incomelossfromcontinuingoperationsbeforeincometaxesextraordinaryitemsnoncontrollinginterest": -9000000,
        "incometaxexpensebenefit": 21000000,
        "profitloss": -30000000,
        "netincomeloss": -23000000,
        "earningspersharebasic": -0.029999999999999916,
        "earningspersharediluted": -0.029999999999999916,
        "othercomprehensiveincomelossforeigncurrencytransactionandtranslationadjustmentnetoftax": 62000000,
        "othercomprehensiveincomelosscashflowhedgegainlossbeforereclassificationaftertax": 101000000,
        "othercomprehensiveincomelosscashflowhedgegainlossreclassificationaftertax": 7000000,
        "othercomprehensiveincomelosscashflowhedgegainlossafterreclassificationandtax": 94000000,
        "othercomprehensiveincomedefinedbenefitplansnetunamortizedgainlossarisingduringperiodnetoftax": -717000000,
        "othercomprehensiveincomelossreclassificationadjustmentfromaocipensionandotherpostretirementbenefitplansfornetgainlossnetoftax": -4000000,
        "othercomprehensiveincomelossamortizationadjustmentfromaocipensionandotherpostretirementbenefitplansfornetpriorservicecostcreditnetoftax": -41000000,
        "othercomprehensiveincomelosspensionandotherpostretirementbenefitplansadjustmentnetoftax": 754000000,
        "comprehensiveincomenetoftaxincludingportionattributabletononcontrollinginterest": -627000000,
        "comprehensiveincomenetoftax": -620000000,
        "othercomprehensiveincomelosscashflowhedgegainlossbeforereclassificationtax": 28000000,
        "othercomprehensiveincomelossamortizationadjustmentfromaocipensionandotherpostretirementbenefitplansfornetpriorservicecostcredittax": 16000000
    },
    {
        "date": "2023-09-29",
        "symbol": "BA",
        "period": "Q3",
        "revenues": 15060000000,
        "costofgoodsandservicessold": 14464000000,
        "costofrevenue": 16939000000,
        "grossprofit": 1165000000,
        "incomelossfrominvestments": 28000000,
        "generalandadministrativeexpense": 1043000000,
        "researchanddevelopmentexpense": 958000000,
        "operatingincomeloss": -808000000,
        "othernonoperatingincomeexpense": 297000000,
        "interestanddebtexpense": 589000000,
        "incomelossfromcontinuingoperationsbeforeincometaxesextraordinaryitemsnoncontrollinginterest": -1100000000,
        "incometaxexpensebenefit": 538000000,
        "profitloss": -1638000000,
        "netincomeloss": -1636000000,
        "earningspersharebasic": -2.71,
        "earningspersharediluted": -2.71,
        "weightedaveragenumberofsharesissueddiluted": 1100000,
        "othercomprehensiveincomelossforeigncurrencytransactionandtranslationadjustmentnetoftax": -39000000,
        "othercomprehensiveincomelosscashflowhedgegainlossbeforereclassificationaftertax": -35000000,
        "othercomprehensiveincomelosscashflowhedgegainlossreclassificationaftertax": -4000000,
        "othercomprehensiveincomelosscashflowhedgegainlossafterreclassificationandtax": -31000000,
        "othercomprehensiveincomedefinedbenefitplansnetunamortizedgainlossarisingduringperiodnetoftax": 1000000,
        "othercomprehensiveincomelossreclassificationadjustmentfromaocipensionandotherpostretirementbenefitplansfornetgainlossnetoftax": 2000000,
        "othercomprehensiveincomelossamortizationadjustmentfromaocipensionandotherpostretirementbenefitplansfornetpriorservicecostcreditnetoftax": -21000000,
        "othercomprehensiveincomelosspensionandotherpostretirementbenefitplansadjustmentnetoftax": 22000000,
        "comprehensiveincomenetoftaxincludingportionattributabletononcontrollinginterest": -1729000000,
        "comprehensiveincomenetoftax": -1727000000,
        "othercomprehensiveincomelosscashflowhedgegainlossbeforereclassificationtax": -10000000,
        "othercomprehensiveincomelossamortizationadjustmentfromaocipensionandotherpostretirementbenefitplansfornetpriorservicecostcredittax": -5000000
    },
    {
        "date": "2023-06-29",
        "symbol": "BA",
        "period": "Q2",
        "revenues": 16687000000,
        "costofgoodsandservicessold": 15123000000,
        "costofrevenue": 17812000000,
        "grossprofit": 1939000000,
        "incomelossfrominvestments": 44000000,
        "generalandadministrativeexpense": 1286000000,
        "researchanddevelopmentexpense": 797000000,
        "operatingincomeloss": -99000000,
        "othernonoperatingincomeexpense": 320000000,
        "interestanddebtexpense": 621000000,
        "incomelossfromcontinuingoperationsbeforeincometaxesextraordinaryitemsnoncontrollinginterest": -400000000,
        "incometaxexpensebenefit": -251000000,
        "profitloss": -149000000,
        "netincomelossattributabletononcontrollinginterest": 0,
        "netincomeloss": -149000000,
        "earningspersharebasic": -0.2400000000000001,
        "earningspersharediluted": -0.2400000000000001,
        "weightedaveragenumberofsharesissueddiluted": 1400000,
        "othercomprehensiveincomelossforeigncurrencytransactionandtranslationadjustmentnetoftax": -6000000,
        "othercomprehensiveincomelosscashflowhedgegainlossbeforereclassificationaftertax": -43000000,
        "othercomprehensiveincomelosscashflowhedgegainlossreclassificationaftertax": -3000000,
        "othercomprehensiveincomelosscashflowhedgegainlossafterreclassificationandtax": -40000000,
        "othercomprehensiveincomedefinedbenefitplansnetunamortizedgainlossarisingduringperiodnetoftax": 1000000,
        "othercomprehensiveincomelossreclassificationadjustmentfromaocipensionandotherpostretirementbenefitplansfornetgainlossnetoftax": 2000000,
        "othercomprehensiveincomelossamortizationadjustmentfromaocipensionandotherpostretirementbenefitplansfornetpriorservicecostcreditnetoftax": -20000000,
        "othercomprehensiveincomelosspensionandotherpostretirementbenefitplansadjustmentnetoftax": 21000000,
        "comprehensiveincomenetoftaxincludingportionattributabletononcontrollinginterest": -216000000,
        "comprehensiveincomenetoftaxattributabletononcontrollinginterest": 0,
        "comprehensiveincomenetoftax": -216000000,
        "othercomprehensiveincomelosscashflowhedgegainlossbeforereclassificationtax": -12000000,
        "othercomprehensiveincomelosscashflowhedgegainlossreclassificationtax": 0,
        "othercomprehensiveincomedefinedbenefitplansnetunamortizedgainlossarisingduringperiodtax": 0,
        "othercomprehensiveincomelossamortizationadjustmentfromaocipensionandotherpostretirementbenefitplansfornetpriorservicecostcredittax": -6000000
    },
    {
        "date": "2023-03-30",
        "symbol": "BA",
        "period": "Q1",
        "revenues": 14914000000,
        "costofgoodsandservicessold": 13553000000,
        "costofrevenue": 15998000000,
        "grossprofit": 1923000000,
        "incomelossfrominvestments": -27000000,
        "generalandadministrativeexpense": 1304000000,
        "researchanddevelopmentexpense": 741000000,
        "operatingincomeloss": -149000000,
        "othernonoperatingincomeexpense": 302000000,
        "interestanddebtexpense": 649000000,
        "incomelossfromcontinuingoperationsbeforeincometaxesextraordinaryitemsnoncontrollinginterest": -496000000,
        "incometaxexpensebenefit": -71000000,
        "profitloss": -425000000,
        "netincomelossattributabletononcontrollinginterest": -11000000,
        "netincomeloss": -414000000,
        "earningspersharebasic": -0.69,
        "earningspersharediluted": -0.69,
        "weightedaveragenumberofsharesissueddiluted": 602500000,
        "othercomprehensiveincomelossforeigncurrencytransactionandtranslationadjustmentnetoftax": 16000000,
        "othercomprehensiveincomelosscashflowhedgegainlossbeforereclassificationaftertax": 18000000,
        "othercomprehensiveincomelosscashflowhedgegainlossreclassificationaftertax": 5000000,
        "othercomprehensiveincomelosscashflowhedgegainlossafterreclassificationandtax": 13000000,
        "othercomprehensiveincomedefinedbenefitplansnetunamortizedgainlossarisingduringperiodnetoftax": -7000000,
        "othercomprehensiveincomelossreclassificationadjustmentfromaocipensionandotherpostretirementbenefitplansfornetgainlossnetoftax": 2000000,
        "othercomprehensiveincomelossamortizationadjustmentfromaocipensionandotherpostretirementbenefitplansfornetpriorservicecostcreditnetoftax": -20000000,
        "othercomprehensiveincomelosspensionandotherpostretirementbenefitplansadjustmentnetoftax": 29000000,
        "comprehensiveincomenetoftaxincludingportionattributabletononcontrollinginterest": -425000000,
        "comprehensiveincomenetoftaxattributabletononcontrollinginterest": -11000000,
        "comprehensiveincomenetoftax": -414000000,
        "othercomprehensiveincomelosscashflowhedgegainlossbeforereclassificationtax": 5000000,
        "othercomprehensiveincomelosscashflowhedgegainlossreclassificationtax": 1000000,
        "othercomprehensiveincomedefinedbenefitplansnetunamortizedgainlossarisingduringperiodtax": -2000000,
        "othercomprehensiveincomelossamortizationadjustmentfromaocipensionandotherpostretirementbenefitplansfornetpriorservicecostcredittax": -6000000
    },
    {
        "date": "2022-12-30",
        "symbol": "BA",
        "period": "Q4",
        "revenues": 17126000000,
        "costofgoodsandservicessold": 15732000000,
        "financinginterestexpense": 8000000,
        "costofrevenue": 18124000000,
        "grossprofit": 1856000000,
        "incomelossfrominvestments": 11000000,
        "generalandadministrativeexpense": 1430000000,
        "researchanddevelopmentexpense": 794000000,
        "operatingincomeloss": -353000000,
        "othernonoperatingincomeexpense": 336000000,
        "interestanddebtexpense": 632000000,
        "incomelossfromcontinuingoperationsbeforeincometaxesextraordinaryitemsnoncontrollinginterest": -649000000,
        "incometaxexpensebenefit": 14000000,
        "profitloss": -663000000,
        "netincomelossattributabletononcontrollinginterest": -29000000,
        "netincomeloss": -634000000,
        "earningspersharebasic": -1.0600000000000005,
        "earningspersharediluted": -1.0600000000000005,
        "othercomprehensiveincomelossforeigncurrencytransactionandtranslationadjustmentnetoftax": 61000000,
        "othercomprehensiveincomelosscashflowhedgegainlossbeforereclassificationaftertax": 117000000,
        "othercomprehensiveincomelosscashflowhedgegainlossreclassificationaftertax": -34000000,
        "othercomprehensiveincomelosscashflowhedgegainlossafterreclassificationandtax": 103000000,
        "othercomprehensiveincomelossreclassificationadjustmentfromaocipensionandotherpostretirementbenefitplansfornetgainlossnetoftax": -322000000,
        "othercomprehensiveincomelossamortizationadjustmentfromaocipensionandotherpostretirementbenefitplansfornetpriorservicecostcreditnetoftax": -46000000,
        "othercomprehensiveincomelosspensionandotherpostretirementbenefitplansadjustmentnetoftax": -1803000000,
        "othercomprehensiveincomelossnetoftaxportionattributabletoparent": 1968000000,
        "comprehensiveincomenetoftaxincludingportionattributabletononcontrollinginterest": 1305000000,
        "comprehensiveincomenetoftaxattributabletononcontrollinginterest": -29000000,
        "comprehensiveincomenetoftax": 1334000000,
        "othercomprehensiveincomelosscashflowhedgegainlossbeforereclassificationtax": 34000000,
        "othercomprehensiveincomelosscashflowhedgegainlossreclassificationtax": 3000000,
        "othercomprehensiveincomelossreclassificationadjustmentfromaocipensionandotherpostretirementbenefitplansfornetgainlosstax": 118000000,
        "othercomprehensiveincomelossamortizationadjustmentfromaocipensionandotherpostretirementbenefitplansfornetpriorservicecostcredittax": 17000000
    },
    {
        "date": "2022-09-29",
        "symbol": "BA",
        "period": "Q3",
        "revenues": 13331000000,
        "costofgoodsandservicessold": 14541000000,
        "financinginterestexpense": 7000000,
        "costofrevenue": 16778000000,
        "grossprofit": -822000000,
        "incomelossfrominvestments": -24000000,
        "generalandadministrativeexpense": 1226000000,
        "researchanddevelopmentexpense": 727000000,
        "gainlossondispositionofassets": 0,
        "operatingincomeloss": -2799000000,
        "othernonoperatingincomeexpense": 288000000,
        "interestanddebtexpense": 621000000,
        "incomelossfromcontinuingoperationsbeforeincometaxesextraordinaryitemsnoncontrollinginterest": -3132000000,
        "incometaxexpensebenefit": 176000000,
        "profitloss": -3308000000,
        "netincomelossattributabletononcontrollinginterest": -33000000,
        "netincomeloss": -3275000000,
        "earningspersharebasic": -5.5,
        "earningspersharediluted": -5.5,
        "dilutedweightedaveragesharesoutstanding": -594100000,
        "othercomprehensiveincomelossforeigncurrencytransactionandtranslationadjustmentnetoftax": -71000000,
        "othercomprehensiveincomelosscashflowhedgegainlossbeforereclassificationaftertax": -83000000,
        "othercomprehensiveincomelosscashflowhedgegainlossbeforereclassificationtax": -25000000,
        "othercomprehensiveincomelosscashflowhedgegainlossreclassificationaftertax": -6000000,
        "othercomprehensiveincomelosscashflowhedgegainlossreclassificationtax": 2000000,
        "othercomprehensiveincomelosscashflowhedgegainlossafterreclassificationandtax": -89000000,
        "othercomprehensiveincomelossamortizationadjustmentfromaocipensionandotherpostretirementbenefitplansfornetpriorservicecostcreditnetoftax": -22000000,
        "othercomprehensiveincomelossamortizationadjustmentfromaocipensionandotherpostretirementbenefitplansfornetpriorservicecostcredittax": -7000000,
        "othercomprehensiveincomelossreclassificationadjustmentfromaocipensionandotherpostretirementbenefitplansfornetgainlossnetoftax": -155000000,
        "othercomprehensiveincomelossreclassificationadjustmentfromaocipensionandotherpostretirementbenefitplansfornetgainlosstax": -45000000,
        "othercomprehensiveincomelosspensionandotherpostretirementbenefitplansadjustmentnetoftax": -131000000,
        "othercomprehensiveincomelossnetoftaxportionattributabletoparent": -31000000,
        "comprehensiveincomenetoftaxincludingportionattributabletononcontrollinginterest": -3339000000,
        "comprehensiveincomenetoftaxattributabletononcontrollinginterest": -33000000,
        "comprehensiveincomenetoftax": -3306000000
    },
    {
        "date": "2022-06-29",
        "symbol": "BA",
        "period": "Q2",
        "revenues": 14009000000,
        "costofgoodsandservicessold": 12284000000,
        "financinginterestexpense": 6000000,
        "costofrevenue": 14559000000,
        "grossprofit": 2122000000,
        "incomelossfrominvestments": 17000000,
        "generalandadministrativeexpense": 668000000,
        "researchanddevelopmentexpense": 698000000,
        "gainlossondispositionofassets": 1000000,
        "operatingincomeloss": 774000000,
        "othernonoperatingincomeexpense": 253000000,
        "interestanddebtexpense": 650000000,
        "incomelossfromcontinuingoperationsbeforeincometaxesextraordinaryitemsnoncontrollinginterest": 377000000,
        "incometaxexpensebenefit": 217000000,
        "profitloss": 160000000,
        "netincomelossattributabletononcontrollinginterest": -33000000,
        "netincomeloss": 193000000,
        "earningspersharebasic": 0.32,
        "earningspersharediluted": 0.32,
        "dilutedweightedaveragesharesoutstanding": 596400000,
        "othercomprehensiveincomelossforeigncurrencytransactionandtranslationadjustmentnetoftax": -76000000,
        "othercomprehensiveincomelosscashflowhedgegainlossbeforereclassificationaftertax": -168000000,
        "othercomprehensiveincomelosscashflowhedgegainlossbeforereclassificationtax": -49000000,
        "othercomprehensiveincomelosscashflowhedgegainlossreclassificationaftertax": -5000000,
        "othercomprehensiveincomelosscashflowhedgegainlossreclassificationtax": 1000000,
        "othercomprehensiveincomelosscashflowhedgegainlossafterreclassificationandtax": -173000000,
        "othercomprehensiveincomelossamortizationadjustmentfromaocipensionandotherpostretirementbenefitplansfornetpriorservicecostcreditnetoftax": -23000000,
        "othercomprehensiveincomelossamortizationadjustmentfromaocipensionandotherpostretirementbenefitplansfornetpriorservicecostcredittax": -6000000,
        "othercomprehensiveincomelossreclassificationadjustmentfromaocipensionandotherpostretirementbenefitplansfornetgainlossnetoftax": -155000000,
        "othercomprehensiveincomelossreclassificationadjustmentfromaocipensionandotherpostretirementbenefitplansfornetgainlosstax": -44000000,
        "othercomprehensiveincomelosspensionandotherpostretirementbenefitplansadjustmentnetoftax": -132000000,
        "othercomprehensiveincomelossnetoftaxportionattributabletoparent": -117000000,
        "comprehensiveincomenetoftaxincludingportionattributabletononcontrollinginterest": 43000000,
        "comprehensiveincomenetoftaxattributabletononcontrollinginterest": -33000000,
        "comprehensiveincomenetoftax": 76000000
    },
    {
        "date": "2022-03-30",
        "symbol": "BA",
        "period": "Q1",
        "revenues": 11427000000,
        "costofgoodsandservicessold": 11412000000,
        "financinginterestexpense": 7000000,
        "costofrevenue": 13645000000,
        "grossprofit": 346000000,
        "incomelossfrominvestments": -20000000,
        "generalandadministrativeexpense": 863000000,
        "researchanddevelopmentexpense": 633000000,
        "gainlossondispositionofassets": 1000000,
        "operatingincomeloss": -1169000000,
        "othernonoperatingincomeexpense": 181000000,
        "interestanddebtexpense": 630000000,
        "incomelossfromcontinuingoperationsbeforeincometaxesextraordinaryitemsnoncontrollinginterest": -1618000000,
        "incometaxexpensebenefit": -376000000,
        "profitloss": -1242000000,
        "netincomelossattributabletononcontrollinginterest": -23000000,
        "netincomeloss": -1219000000,
        "earningspersharebasic": -2.06,
        "earningspersharediluted": -2.06,
        "dilutedweightedaveragesharesoutstanding": 591700000,
        "othercomprehensiveincomelossforeigncurrencytransactionandtranslationadjustmentnetoftax": 24000000,
        "othercomprehensiveincomelosscashflowhedgegainlossbeforereclassificationaftertax": 94000000,
        "othercomprehensiveincomelosscashflowhedgegainlossbeforereclassificationtax": 28000000,
        "othercomprehensiveincomelosscashflowhedgegainlossreclassificationaftertax": 35000000,
        "othercomprehensiveincomelosscashflowhedgegainlossreclassificationtax": -9000000,
        "othercomprehensiveincomelosscashflowhedgegainlossafterreclassificationandtax": 129000000,
        "othercomprehensiveincomelossamortizationadjustmentfromaocipensionandotherpostretirementbenefitplansfornetpriorservicecostcreditnetoftax": -23000000,
        "othercomprehensiveincomelossamortizationadjustmentfromaocipensionandotherpostretirementbenefitplansfornetpriorservicecostcredittax": -6000000,
        "othercomprehensiveincomelossreclassificationadjustmentfromaocipensionandotherpostretirementbenefitplansfornetgainlossnetoftax": -159000000,
        "othercomprehensiveincomelossreclassificationadjustmentfromaocipensionandotherpostretirementbenefitplansfornetgainlosstax": -40000000,
        "othercomprehensiveincomelosspensionandotherpostretirementbenefitplansadjustmentnetoftax": -136000000,
        "othercomprehensiveincomelossnetoftaxportionattributabletoparent": 289000000,
        "comprehensiveincomenetoftaxincludingportionattributabletononcontrollinginterest": -953000000,
        "comprehensiveincomenetoftaxattributabletononcontrollinginterest": -23000000,
        "comprehensiveincomenetoftax": -930000000
    },
    {
        "date": "2021-12-30",
        "symbol": "BA",
        "period": "Q4",
        "revenues": 12162000000,
        "costofgoodsandservicessold": 14788000000,
        "financinginterestexpense": 7000000,
        "costofrevenue": 17307000000,
        "grossprofit": -2514000000,
        "incomelossfrominvestments": 15000000,
        "generalandadministrativeexpense": 988000000,
        "researchanddevelopmentexpense": 678000000,
        "gainlossondispositionofassets": -6000000,
        "operatingincomeloss": -4171000000,
        "othernonoperatingincomeexpense": 132000000,
        "interestanddebtexpense": 661000000,
        "incomelossfromcontinuingoperationsbeforeincometaxesextraordinaryitemsnoncontrollinginterest": -4700000000,
        "incometaxexpensebenefit": -536000000,
        "profitloss": -4164000000,
        "netincomelossattributabletononcontrollinginterest": -21000000,
        "netincomeloss": -4143000000,
        "earningspersharebasic": -7.05,
        "earningspersharediluted": -7.05,
        "othercomprehensiveincomelossforeigncurrencytransactionandtranslationadjustmentnetoftax": -12000000,
        "othercomprehensiveincomelossreclassificationadjustmentfromaocipensionandotherpostretirementbenefitplansfornetgainlossnetoftax": -465000000,
        "othercomprehensiveincomelossreclassificationadjustmentfromaocipensionandotherpostretirementbenefitplansfornetgainlosstax": 174000000,
        "othercomprehensiveincomesettlementsandcurtailmentsincludedinnetincomenetoftax": 336000000,
        "othercomprehensiveincomelossamortizationadjustmentfromaocipensionandotherpostretirementbenefitplansfornetpriorservicecostcreditnetoftax": -46000000,
        "othercomprehensiveincomelossamortizationadjustmentfromaocipensionandotherpostretirementbenefitplansfornetpriorservicecostcredittax": 17000000,
        "pensionandpostretirementbenefitsrelatedtoequitymethodinvestmentsnetoftax": -4000000,
        "othercomprehensiveincomelosspensionandotherpostretirementbenefitplansadjustmentnetoftax": -3180000000,
        "othercomprehensiveincomelossnetoftaxportionattributabletoparent": 3159000000,
        "comprehensiveincomenetoftaxattributabletononcontrollinginterest": -21000000,
        "comprehensiveincomenetoftaxincludingportionattributabletononcontrollinginterest": -1005000000,
        "comprehensiveincomenetoftax": -984000000
    },
    {
        "date": "2021-09-29",
        "symbol": "BA",
        "period": "Q3",
        "revenues": 12552000000,
        "costofgoodsandservicessold": 11271000000,
        "financinginterestexpense": 7000000,
        "costofrevenue": 13566000000,
        "grossprofit": 1712000000,
        "incomelossfrominvestments": 120000000,
        "generalandadministrativeexpense": 1097000000,
        "researchanddevelopmentexpense": 575000000,
        "gainlossondispositionofassets": 169000000,
        "operatingincomeloss": 329000000,
        "othernonoperatingincomeexpense": 30000000,
        "interestanddebtexpense": 669000000,
        "incomelossfromcontinuingoperationsbeforeincometaxesextraordinaryitemsnoncontrollinginterest": -310000000,
        "incometaxexpensebenefit": -178000000,
        "profitloss": -132000000,
        "netincomelossattributabletononcontrollinginterest": -23000000,
        "netincomeloss": -109000000,
        "earningspersharebasic": -0.19000000000000006,
        "earningspersharediluted": -0.19000000000000006,
        "dilutedweightedaveragesharesoutstanding": -1300000,
        "othercomprehensiveincomelossforeigncurrencytransactionandtranslationadjustmentnetoftax": -41000000,
        "othercomprehensiveincomelossamortizationadjustmentfromaocipensionandotherpostretirementbenefitplansfornetpriorservicecostcreditnetoftax": -23000000,
        "othercomprehensiveincomelossamortizationadjustmentfromaocipensionandotherpostretirementbenefitplansfornetpriorservicecostcredittax": -6000000,
        "othercomprehensiveincomelossreclassificationadjustmentfromaocipensionandotherpostretirementbenefitplansfornetgainlossnetoftax": -227000000,
        "othercomprehensiveincomelossreclassificationadjustmentfromaocipensionandotherpostretirementbenefitplansfornetgainlosstax": -60000000,
        "othercomprehensiveincomesettlementsandcurtailmentsincludedinnetincomenetoftax": -142000000,
        "pensionandpostretirementbenefitsrelatedtoequitymethodinvestmentsnetoftax": 1000000,
        "othercomprehensiveincomelosspensionandotherpostretirementbenefitplansadjustmentnetoftax": -1889000000,
        "othercomprehensiveincomelossnetoftaxportionattributabletoparent": 1843000000,
        "comprehensiveincomenetoftaxincludingportionattributabletononcontrollinginterest": 1711000000,
        "comprehensiveincomenetoftaxattributabletononcontrollinginterest": -23000000,
        "comprehensiveincomenetoftax": 1734000000
    },
    {
        "date": "2021-06-29",
        "symbol": "BA",
        "period": "Q2",
        "revenues": 14154000000,
        "costofgoodsandservicessold": 12263000000,
        "financinginterestexpense": 9000000,
        "costofrevenue": 14588000000,
        "grossprofit": 2410000000,
        "incomelossfrominvestments": 38000000,
        "generalandadministrativeexpense": 1040000000,
        "researchanddevelopmentexpense": 497000000,
        "gainlossondispositionofassets": 112000000,
        "operatingincomeloss": 1023000000,
        "othernonoperatingincomeexpense": 199000000,
        "interestanddebtexpense": 673000000,
        "incomelossfromcontinuingoperationsbeforeincometaxesextraordinaryitemsnoncontrollinginterest": 549000000,
        "incometaxexpensebenefit": -18000000,
        "profitloss": 567000000,
        "netincomelossattributabletononcontrollinginterest": -20000000,
        "netincomeloss": 587000000,
        "earningspersharebasic": 1.01,
        "earningspersharediluted": 1.01,
        "dilutedweightedaveragesharesoutstanding": 3200000,
        "othercomprehensiveincomelossforeigncurrencytransactionandtranslationadjustmentnetoftax": 14000000,
        "othercomprehensiveincomeunrealizedgainlossonderivativesarisingduringperiodnetoftax": 54000000,
        "othercomprehensiveincomeunrealizedgainlossonderivativesarisingduringperiodtax": 14000000,
        "othercomprehensiveincomelossreclassificationadjustmentfromaocionderivativesnetoftax": 0,
        "othercomprehensiveincomelossderivativesqualifyingashedgesnetoftax": 54000000,
        "othercomprehensiveincomelossamortizationadjustmentfromaocipensionandotherpostretirementbenefitplansfornetpriorservicecostcreditnetoftax": -22000000,
        "othercomprehensiveincomelossamortizationadjustmentfromaocipensionandotherpostretirementbenefitplansfornetpriorservicecostcredittax": -6000000,
        "othercomprehensiveincomelossreclassificationadjustmentfromaocipensionandotherpostretirementbenefitplansfornetgainlossnetoftax": -235000000,
        "othercomprehensiveincomelossreclassificationadjustmentfromaocipensionandotherpostretirementbenefitplansfornetgainlosstax": -57000000,
        "othercomprehensiveincomesettlementsandcurtailmentsincludedinnetincomenetoftax": -2000000,
        "pensionandpostretirementbenefitsrelatedtoequitymethodinvestmentsnetoftax": -1000000,
        "pensionandpostretirementbenefitsrelatedtoourequitymethodinvestmentstax": 0,
        "othercomprehensiveincomelosspensionandotherpostretirementbenefitplansadjustmentnetoftax": -223000000,
        "othercomprehensiveincomelossnetoftaxportionattributabletoparent": 291000000,
        "comprehensiveincomenetoftaxincludingportionattributabletononcontrollinginterest": 858000000,
        "comprehensiveincomenetoftaxattributabletononcontrollinginterest": -20000000,
        "comprehensiveincomenetoftax": 878000000
    },
    {
        "date": "2021-03-30",
        "symbol": "BA",
        "period": "Q1",
        "revenues": 12518000000,
        "costofgoodsandservicessold": 11632000000,
        "financinginterestexpense": 9000000,
        "costofrevenue": 13808000000,
        "grossprofit": 1409000000,
        "incomelossfrominvestments": 37000000,
        "generalandadministrativeexpense": 1032000000,
        "researchanddevelopmentexpense": 499000000,
        "gainlossondispositionofassets": 2000000,
        "operatingincomeloss": -83000000,
        "othernonoperatingincomeexpense": 190000000,
        "interestanddebtexpense": 679000000,
        "incomelossfromcontinuingoperationsbeforeincometaxesextraordinaryitemsnoncontrollinginterest": -572000000,
        "incometaxexpensebenefit": -11000000,
        "profitloss": -561000000,
        "netincomelossattributabletononcontrollinginterest": -24000000,
        "netincomeloss": -537000000,
        "earningspersharebasic": -0.92,
        "earningspersharediluted": -0.92,
        "dilutedweightedaveragesharesoutstanding": 585400000,
        "othercomprehensiveincomelossforeigncurrencytransactionandtranslationadjustmentnetoftax": -36000000,
        "othercomprehensiveincomeunrealizedgainlossonderivativesarisingduringperiodnetoftax": 11000000,
        "othercomprehensiveincomeunrealizedgainlossonderivativesarisingduringperiodtax": 3000000,
        "othercomprehensiveincomelossreclassificationadjustmentfromaocionderivativesnetoftax": 2000000,
        "othercomprehensiveincomelossderivativesqualifyingashedgesnetoftax": 9000000,
        "othercomprehensiveincomelossamortizationadjustmentfromaocipensionandotherpostretirementbenefitplansfornetpriorservicecostcreditnetoftax": -23000000,
        "othercomprehensiveincomelossamortizationadjustmentfromaocipensionandotherpostretirementbenefitplansfornetpriorservicecostcredittax": -6000000,
        "othercomprehensiveincomelossreclassificationadjustmentfromaocipensionandotherpostretirementbenefitplansfornetgainlossnetoftax": -228000000,
        "othercomprehensiveincomelossreclassificationadjustmentfromaocipensionandotherpostretirementbenefitplansfornetgainlosstax": -65000000,
        "othercomprehensiveincomesettlementsandcurtailmentsincludedinnetincomenetoftax": -1000000,
        "pensionandpostretirementbenefitsrelatedtoequitymethodinvestmentsnetoftax": -2000000,
        "pensionandpostretirementbenefitsrelatedtoourequitymethodinvestmentstax": -1000000,
        "othercomprehensiveincomelosspensionandotherpostretirementbenefitplansadjustmentnetoftax": -208000000,
        "othercomprehensiveincomelossnetoftaxportionattributabletoparent": 181000000,
        "comprehensiveincomenetoftaxincludingportionattributabletononcontrollinginterest": -380000000,
        "comprehensiveincomenetoftaxattributabletononcontrollinginterest": -24000000,
        "comprehensiveincomenetoftax": -356000000
    },
    {
        "date": "2020-12-30",
        "symbol": "BA",
        "period": "Q4",
        "revenues": 12486000000,
        "costofgoodsandservicessold": 18567000000,
        "financinginterestexpense": 10000000,
        "costofrevenue": 20992000000,
        "grossprofit": -5688000000,
        "incomelossfrominvestments": 70000000,
        "generalandadministrativeexpense": 1828000000,
        "researchanddevelopmentexpense": 605000000,
        "gainlossondispositionofassets": 2000000,
        "operatingincomeloss": -8049000000,
        "othernonoperatingincomeexpense": 122000000,
        "interestanddebtexpense": 698000000,
        "incomelossfromcontinuingoperationsbeforeincometaxesextraordinaryitemsnoncontrollinginterest": -8625000000,
        "incometaxexpensebenefit": -186000000,
        "earningspersharebasic": -14.780000000000001,
        "earningspersharediluted": -14.780000000000001,
        "profitloss": -8439000000,
        "netincomelossattributabletononcontrollinginterest": -19000000,
        "netincomeloss": -8420000000,
        "othercomprehensiveincomelossforeigncurrencytransactionandtranslationadjustmentnetoftax": 83000000,
        "othercomprehensiveincomeunrealizedgainlossonderivativesarisingduringperiodnetoftax": 121000000,
        "othercomprehensiveincomelossreclassificationadjustmentfromaocionderivativesnetoftax": -7000000,
        "othercomprehensiveincomelossderivativesqualifyingashedgesnetoftax": 128000000,
        "othercomprehensiveincomelossreclassificationadjustmentfromaocipensionandotherpostretirementbenefitplansfornetgainlossnetoftax": -355000000,
        "othercomprehensiveincomelossamortizationadjustmentfromaocipensionandotherpostretirementbenefitplansfornetpriorservicecostcreditnetoftax": -45000000,
        "othercomprehensiveincomelosspensionandotherpostretirementbenefitplansadjustmentnetoftax": 1565000000,
        "othercomprehensiveincomelossnetoftaxportionattributabletoparent": -1354000000,
        "comprehensiveincomenetoftaxincludingportionattributabletononcontrollinginterest": -9793000000,
        "comprehensiveincomenetoftax": -9774000000,
        "othercomprehensiveincomeunrealizedgainlossonderivativesarisingduringperiodtax": 35000000,
        "othercomprehensiveincomelossreclassificationadjustmentfromaocionderivativestax": -1000000,
        "othercomprehensiveincomelossreclassificationadjustmentfromaocipensionandotherpostretirementbenefitplansfornetgainlosstax": 127000000,
        "othercomprehensiveincomelossamortizationadjustmentfromaocipensionandotherpostretirementbenefitplansfornetpriorservicecostcredittax": 16000000
    },
    {
        "date": "2020-09-29",
        "symbol": "BA",
        "period": "Q3",
        "revenues": 11402000000,
        "costofgoodsandservicessold": 10910000000,
        "financinginterestexpense": 10000000,
        "costofrevenue": 13105000000,
        "grossprofit": 1034000000,
        "incomelossfrominvestments": -14000000,
        "generalandadministrativeexpense": 955000000,
        "researchanddevelopmentexpense": 574000000,
        "gainlossondispositionofassets": 108000000,
        "operatingincomeloss": -401000000,
        "othernonoperatingincomeexpense": 119000000,
        "interestanddebtexpense": 643000000,
        "incomelossfromcontinuingoperationsbeforeincometaxesextraordinaryitemsnoncontrollinginterest": -925000000,
        "incometaxexpensebenefit": -459000000,
        "profitloss": -466000000,
        "netincomelossattributabletononcontrollinginterest": -17000000,
        "netincomeloss": -449000000,
        "earningspersharebasic": -0.7899999999999994,
        "earningspersharediluted": -0.7899999999999994,
        "dilutedweightedaveragesharesoutstanding": -566000000,
        "othercomprehensiveincomelossforeigncurrencytransactionandtranslationadjustmentnetoftax": 48000000,
        "othercomprehensiveincomeunrealizedgainlossonderivativesarisingduringperiodnetoftax": 79000000,
        "othercomprehensiveincomeunrealizedgainlossonderivativesarisingduringperiodtax": 23000000,
        "othercomprehensiveincomelossreclassificationadjustmentfromaocionderivativesnetoftax": -8000000,
        "othercomprehensiveincomelossreclassificationadjustmentfromaocionderivativestax": -2000000,
        "othercomprehensiveincomelossderivativesqualifyingashedgesnetoftax": 87000000,
        "othercomprehensiveincomelossamortizationadjustmentfromaocipensionandotherpostretirementbenefitplansfornetpriorservicecostcreditnetoftax": -22000000,
        "othercomprehensiveincomelossamortizationadjustmentfromaocipensionandotherpostretirementbenefitplansfornetpriorservicecostcredittax": -10000000,
        "othercomprehensiveincomelossreclassificationadjustmentfromaocipensionandotherpostretirementbenefitplansfornetgainlossnetoftax": -172000000,
        "othercomprehensiveincomelossreclassificationadjustmentfromaocipensionandotherpostretirementbenefitplansfornetgainlosstax": -76000000,
        "othercomprehensiveincomelosspensionandotherpostretirementbenefitplansadjustmentnetoftax": -111000000,
        "othercomprehensiveincomelossnetoftaxportionattributabletoparent": 246000000,
        "comprehensiveincomenetoftaxincludingportionattributabletononcontrollinginterest": -220000000,
        "comprehensiveincomenetoftax": -203000000
    },
    {
        "date": "2020-06-29",
        "symbol": "BA",
        "period": "Q2",
        "profitloss": -2395000000,
        "othercomprehensiveincomelossforeigncurrencytransactionandtranslationadjustmentnetoftax": 44000000,
        "othercomprehensiveincomeunrealizedgainlossonderivativesarisingduringperiodnetoftax": 89000000,
        "othercomprehensiveincomelossreclassificationadjustmentfromaocionderivativesnetoftax": -10000000,
        "othercomprehensiveincomelossderivativesqualifyingashedgesnetoftax": 99000000,
        "othercomprehensiveincomelossamortizationadjustmentfromaocipensionandotherpostretirementbenefitplansfornetpriorservicecostcreditnetoftax": -22000000,
        "othercomprehensiveincomedefinedbenefitplansnetunamortizedgainlossarisingduringperiodnetoftax": -12000000,
        "othercomprehensiveincomelossreclassificationadjustmentfromaocipensionandotherpostretirementbenefitplansfornetgainlossnetoftax": -197000000,
        "othercomprehensiveincomesettlementsandcurtailmentsincludedinnetincomenetoftax": 2000000,
        "othercomprehensiveincomelosspensionandotherpostretirementbenefitplansadjustmentnetoftax": -165000000,
        "othercomprehensiveincomelossnetoftaxportionattributabletoparent": 308000000,
        "comprehensiveincomenetoftaxattributabletononcontrollinginterest": -19000000,
        "comprehensiveincomenetoftaxincludingportionattributabletononcontrollinginterest": -2087000000,
        "comprehensiveincomenetoftax": -2068000000,
        "othercomprehensiveincomeunrealizedgainlossonderivativesarisingduringperiodtax": 23000000,
        "othercomprehensiveincomelossreclassificationadjustmentfromaocionderivativestax": -3000000,
        "othercomprehensiveincomelossamortizationadjustmentfromaocipensionandotherpostretirementbenefitplansfornetpriorservicecostcredittax": -6000000,
        "othercomprehensiveincomedefinedbenefitplansnetunamortizedgainlossarisingduringperiodtax": -3000000,
        "othercomprehensiveincomelossreclassificationadjustmentfromaocipensionandotherpostretirementbenefitplansfornetgainlosstax": -50000000,
        "othercomprehensiveincomesettlementsandcurtailmentsincludedinnetincometax": -1000000,
        "revenues": 9063000000,
        "costofgoodsandservicessold": 10378000000,
        "financinginterestexpense": 11000000,
        "costofrevenue": 12978000000,
        "grossprofit": -1171000000,
        "incomelossfrominvestments": -45000000,
        "generalandadministrativeexpense": 1161000000,
        "researchanddevelopmentexpense": 625000000,
        "gainlossondispositionofassets": 38000000,
        "operatingincomeloss": -2964000000,
        "othernonoperatingincomeexpense": 94000000,
        "interestanddebtexpense": 553000000,
        "incomelossfromcontinuingoperationsbeforeincometaxesextraordinaryitemsnoncontrollinginterest": -3423000000,
        "incometaxexpensebenefit": -1028000000,
        "netincomelossattributabletononcontrollinginterest": -19000000,
        "netincomeloss": -2376000000,
        "earningspersharebasic": -4.2,
        "earningspersharediluted": -4.2,
        "dilutedweightedaveragesharesoutstanding": 566400000
    },
    {
        "date": "2020-03-30",
        "symbol": "BA",
        "period": "Q1",
        "profitloss": -641000000,
        "othercomprehensiveincomelossforeigncurrencytransactionandtranslationadjustmentnetoftax": -77000000,
        "othercomprehensiveincomeunrealizedgainlossonderivativesarisingduringperiodnetoftax": -275000000,
        "othercomprehensiveincomelossreclassificationadjustmentfromaocionderivativesnetoftax": -2000000,
        "othercomprehensiveincomelossderivativesqualifyingashedgesnetoftax": -273000000,
        "othercomprehensiveincomelossamortizationadjustmentfromaocipensionandotherpostretirementbenefitplansfornetpriorservicecostcreditnetoftax": -23000000,
        "othercomprehensiveincomelossreclassificationadjustmentfromaocipensionandotherpostretirementbenefitplansfornetgainlossnetoftax": -193000000,
        "othercomprehensiveincomelosspensionandotherpostretirementbenefitplansadjustmentnetoftax": -170000000,
        "othercomprehensiveincomelossnetoftaxportionattributabletoparent": -180000000,
        "comprehensiveincomenetoftaxincludingportionattributabletononcontrollinginterest": -821000000,
        "othercomprehensiveincomelossnetoftaxportionattributabletononcontrollinginterest": -13000000,
        "comprehensiveincomenetoftax": -808000000,
        "othercomprehensiveincomeunrealizedholdinggainlossonsecuritiesarisingduringperiodtax": "null",
        "othercomprehensiveincomeunrealizedgainlossonderivativesarisingduringperiodtax": -77000000,
        "othercomprehensiveincomelossreclassificationadjustmentfromaocionderivativestax": -1000000,
        "othercomprehensiveincomelossamortizationadjustmentfromaocipensionandotherpostretirementbenefitplansfornetpriorservicecostcredittax": -6000000,
        "othercomprehensiveincomelossreclassificationadjustmentfromaocipensionandotherpostretirementbenefitplansfornetgainlosstax": -53000000,
        "revenues": 14191000000,
        "costofgoodsandservicessold": 14713000000,
        "financinginterestexpense": 12000000,
        "costofrevenue": 16768000000,
        "grossprofit": 140000000,
        "incomelossfrominvestments": -2000000,
        "generalandadministrativeexpense": 873000000,
        "researchanddevelopmentexpense": 672000000,
        "gainlossondispositionofassets": 54000000,
        "operatingincomeloss": -1353000000,
        "othernonoperatingincomeexpense": 112000000,
        "interestanddebtexpense": 262000000,
        "incomelossfromcontinuingoperationsbeforeincometaxesextraordinaryitemsnoncontrollinginterest": -1503000000,
        "incometaxexpensebenefit": -862000000,
        "netincomelossattributabletononcontrollinginterest": -13000000,
        "netincomeloss": -628000000,
        "earningspersharebasic": -1.11,
        "earningspersharediluted": -1.11,
        "dilutedweightedaveragesharesoutstanding": 565900000
    },
    {
        "date": "2019-12-30",
        "symbol": "BA",
        "period": "Q4",
        "netincomeloss": -1010000000,
        "othercomprehensiveincomelossforeigncurrencytransactionandtranslationadjustmentnetoftax": 34000000,
        "othercomprehensiveincomeunrealizedgainlossonderivativesarisingduringperiodnetoftax": 58000000,
        "othercomprehensiveincomelossreclassificationadjustmentfromaocionderivativesnetoftax": -4000000,
        "othercomprehensiveincomelossderivativesqualifyingashedgesnetoftax": 62000000,
        "othercomprehensiveincomelossreclassificationadjustmentfromaocipensionandotherpostretirementbenefitplansfornetgainlossnetoftax": -114000000,
        "othercomprehensiveincomelossamortizationadjustmentfromaocipensionandotherpostretirementbenefitplansfornetpriorservicecostcreditnetoftax": -22000000,
        "othercomprehensiveincomelosspensionandotherpostretirementbenefitplansadjustmentnetoftax": 1322000000,
        "othercomprehensiveincomelossnetoftaxportionattributabletoparent": -1226000000,
        "comprehensiveincomenetoftaxincludingportionattributabletononcontrollinginterest": -2255000000,
        "othercomprehensiveincomeunrealizedholdinggainlossonsecuritiesarisingduringperiodtax": "null",
        "othercomprehensiveincomeunrealizedgainlossonderivativesarisingduringperiodtax": 17000000,
        "othercomprehensiveincomelossreclassificationadjustmentfromaocipensionandotherpostretirementbenefitplansfornetgainlosstax": -36000000,
        "othercomprehensiveincomelossamortizationadjustmentfromaocipensionandotherpostretirementbenefitplansfornetpriorservicecostcredittax": -7000000,
        "othercomprehensiveincomelosspensionandotherpostretirementbenefitplansbenefitplanimprovementtaxeffect": "null",
        "revenues": -4608000000,
        "costofgoodsandservicessold": 2444000000,
        "financinginterestexpense": 13000000,
        "costofrevenue": 18708000000,
        "grossprofit": -797000000,
        "incomelossfrominvestments": -1000000,
        "generalandadministrativeexpense": 1052000000,
        "researchanddevelopmentexpense": -43000000,
        "gainlossondispositionofassets": 395000000,
        "operatingincomeloss": -1861000000,
        "othernonoperatingincomeexpense": 104000000,
        "interestanddebtexpense": 242000000,
        "incomelossfromcontinuingoperationsbeforeincometaxesextraordinaryitemsnoncontrollinginterest": -2342000000,
        "incometaxexpensebenefit": -1332000000,
        "earningspersharebasic": -1.7800000000000002,
        "earningspersharediluted": -1.7800000000000002
    },
    {
        "date": "2019-09-29",
        "symbol": "BA",
        "period": "Q3",
        "netincomeloss": 1167000000,
        "othercomprehensiveincomelossforeigncurrencytransactionandtranslationadjustmentnetoftax": -59000000,
        "othercomprehensiveincomeunrealizedgainlossonderivativesarisingduringperiodnetoftax": -89000000,
        "othercomprehensiveincomelossreclassificationadjustmentfromaocionderivativesnetoftax": -25000000,
        "othercomprehensiveincomelossderivativesqualifyingashedgesnetoftax": -64000000,
        "othercomprehensiveincomelossamortizationadjustmentfromaocipensionandotherpostretirementbenefitplansfornetpriorservicecostcreditnetoftax": -22000000,
        "othercomprehensiveincomelossreclassificationadjustmentfromaocipensionandotherpostretirementbenefitplansfornetgainlossnetoftax": -117000000,
        "othercomprehensiveincomelosspensionandotherpostretirementbenefitplansadjustmentnetoftax": -104000000,
        "othercomprehensiveincomelossnetoftaxportionattributabletoparent": -19000000,
        "comprehensiveincomenetoftaxincludingportionattributabletononcontrollinginterest": 1133000000,
        "othercomprehensiveincomeunrealizedgainlossonderivativesarisingduringperiodtax": -25000000,
        "othercomprehensiveincomelossamortizationadjustmentfromaocipensionandotherpostretirementbenefitplansfornetpriorservicecostcredittax": -5000000,
        "othercomprehensiveincomelossreclassificationadjustmentfromaocipensionandotherpostretirementbenefitplansfornetgainlosstax": -32000000,
        "revenues": 17195000000,
        "costofgoodsandservicessold": 14674000000,
        "financinginterestexpense": 15000000,
        "costofrevenue": 16930000000,
        "grossprofit": 3050000000,
        "incomelossfrominvestments": -8000000,
        "generalandadministrativeexpense": 1001000000,
        "researchanddevelopmentexpense": 778000000,
        "gainlossondispositionofassets": -4000000,
        "operatingincomeloss": 1259000000,
        "othernonoperatingincomeexpense": 121000000,
        "interestanddebtexpense": 203000000,
        "incomelossfromcontinuingoperationsbeforeincometaxesextraordinaryitemsnoncontrollinginterest": 1177000000,
        "incometaxexpensebenefit": 10000000,
        "earningspersharebasic": 2.0599999999999996,
        "earningspersharediluted": 2.0600000000000005,
        "dilutedweightedaveragesharesoutstanding": 3800000
    },
    {
        "date": "2019-06-29",
        "symbol": "BA",
        "period": "Q2",
        "netincomeloss": -2942000000,
        "othercomprehensiveincomelossforeigncurrencytransactionandtranslationadjustmentnetoftax": -3000000,
        "othercomprehensiveincomelossavailableforsalesecuritiesadjustmentnetoftax": 0,
        "othercomprehensiveincomeunrealizedgainlossonderivativesarisingduringperiodnetoftax": -28000000,
        "othercomprehensiveincomelossreclassificationadjustmentfromaocionderivativesnetoftax": 1000000,
        "othercomprehensiveincomelossderivativesqualifyingashedgesnetoftax": -29000000,
        "othercomprehensiveincomelossamortizationadjustmentfromaocipensionandotherpostretirementbenefitplansfornetpriorservicecostcreditnetoftax": -22000000,
        "othercomprehensiveincomelossreclassificationadjustmentfromaocipensionandotherpostretirementbenefitplansfornetgainlossnetoftax": -115000000,
        "pensionandpostretirementbenefitsrelatedtoequitymethodinvestmentsnetoftax": 0,
        "othercomprehensiveincomelosspensionandotherpostretirementbenefitplansadjustmentnetoftax": -93000000,
        "othercomprehensiveincomelossnetoftaxportionattributabletoparent": 61000000,
        "comprehensiveincomenetoftaxincludingportionattributabletononcontrollinginterest": -2888000000,
        "othercomprehensiveincomeunrealizedgainlossonderivativesarisingduringperiodtax": -8000000,
        "othercomprehensiveincomelossreclassificationadjustmentfromaocionderivativestax": 0,
        "othercomprehensiveincomelossamortizationadjustmentfromaocipensionandotherpostretirementbenefitplansfornetpriorservicecostcredittax": -7000000,
        "othercomprehensiveincomelossreclassificationadjustmentfromaocipensionandotherpostretirementbenefitplansfornetgainlosstax": -33000000,
        "pensionandpostretirementbenefitsrelatedtoourequitymethodinvestmentstax": 0,
        "revenues": 33282000000,
        "costofgoodsandservicessold": 29521000000,
        "financinginterestexpense": 16000000,
        "costofrevenue": 17810000000,
        "grossprofit": -2059000000,
        "incomelossfrominvestments": -15000000,
        "generalandadministrativeexpense": 672000000,
        "researchanddevelopmentexpense": 1618000000,
        "gainlossondispositionofassets": 192000000,
        "operatingincomeloss": -3723000000,
        "othernonoperatingincomeexpense": 107000000,
        "interestanddebtexpense": 154000000,
        "incomelossfromcontinuingoperationsbeforeincometaxesextraordinaryitemsnoncontrollinginterest": -3427000000,
        "incometaxexpensebenefit": -485000000,
        "earningspersharebasic": -5.1899999999999995,
        "incomelossfromcontinuingoperationsperbasicshare": -5.1899999999999995,
        "earningspersharediluted": -5.15,
        "incomelossfromcontinuingoperationsperdilutedshare": -5.15,
        "dilutedweightedaveragesharesoutstanding": -5800000
    },
    {
        "date": "2019-03-30",
        "symbol": "BA",
        "period": "Q1",
        "netincomeloss": 2149000000,
        "othercomprehensiveincomelossforeigncurrencytransactionandtranslationadjustmentnetoftax": 1000000,
        "othercomprehensiveincomelossavailableforsalesecuritiesadjustmentnetoftax": 1000000,
        "othercomprehensiveincomeunrealizedgainlossonderivativesarisingduringperiodnetoftax": 11000000,
        "othercomprehensiveincomelossreclassificationadjustmentfromaocionderivativesnetoftax": 2000000,
        "othercomprehensiveincomelossderivativesqualifyingashedgesnetoftax": 9000000,
        "othercomprehensiveincomelossamortizationadjustmentfromaocipensionandotherpostretirementbenefitplansfornetpriorservicecostcreditnetoftax": -23000000,
        "othercomprehensiveincomelossreclassificationadjustmentfromaocipensionandotherpostretirementbenefitplansfornetgainlossnetoftax": -118000000,
        "pensionandpostretirementbenefitsrelatedtoequitymethodinvestmentsnetoftax": -8000000,
        "othercomprehensiveincomelosspensionandotherpostretirementbenefitplansadjustmentnetoftax": -103000000,
        "othercomprehensiveincomelossnetoftaxportionattributabletoparent": 114000000,
        "comprehensiveincomenetoftaxincludingportionattributabletononcontrollinginterest": 2263000000,
        "othercomprehensiveincomeunrealizedgainlossonderivativesarisingduringperiodtax": 3000000,
        "othercomprehensiveincomelossreclassificationadjustmentfromaocionderivativestax": 1000000,
        "othercomprehensiveincomelossamortizationadjustmentfromaocipensionandotherpostretirementbenefitplansfornetpriorservicecostcredittax": -6000000,
        "othercomprehensiveincomelossreclassificationadjustmentfromaocipensionandotherpostretirementbenefitplansfornetgainlosstax": -32000000,
        "pensionandpostretirementbenefitsrelatedtoourequitymethodinvestmentstax": -2000000,
        "revenues": 20225000000,
        "costofgoodsandservicessold": 16238000000,
        "financinginterestexpense": 18000000,
        "costofrevenue": 18645000000,
        "grossprofit": 4272000000,
        "incomelossfrominvestments": 20000000,
        "generalandadministrativeexpense": 1184000000,
        "researchanddevelopmentexpense": 866000000,
        "gainlossondispositionofassets": 108000000,
        "operatingincomeloss": 2350000000,
        "othernonoperatingincomeexpense": 106000000,
        "interestanddebtexpense": 123000000,
        "incomelossfromcontinuingoperationsbeforeincometaxesextraordinaryitemsnoncontrollinginterest": 2333000000,
        "incometaxexpensebenefit": 184000000,
        "earningspersharebasic": 3.79,
        "incomelossfromcontinuingoperationsperbasicshare": 3.79,
        "earningspersharediluted": 3.75,
        "incomelossfromcontinuingoperationsperdilutedshare": 3.75,
        "dilutedweightedaveragesharesoutstanding": 572400000
    },
    {
        "date": "2018-12-30",
        "symbol": "BA",
        "period": "Q4",
        "netincomeloss": 3424000000,
        "othercomprehensiveincomelossforeigncurrencytransactionandtranslationadjustmentnetoftax": -31000000,
        "othercomprehensiveincomeunrealizedgainlossonderivativesarisingduringperiodnetoftax": -49000000,
        "othercomprehensiveincomelossreclassificationadjustmentfromaocionderivativesnetoftax": -11000000,
        "othercomprehensiveincomelossderivativesqualifyingashedgesnetoftax": -38000000,
        "othercomprehensiveincomelossreclassificationadjustmentfromaocipensionandotherpostretirementbenefitplansfornetgainlossnetoftax": -221000000,
        "othercomprehensiveincomelossamortizationadjustmentfromaocipensionandotherpostretirementbenefitplansfornetpriorservicecostcreditnetoftax": -37000000,
        "othercomprehensiveincomelosspensionandotherpostretirementbenefitplansadjustmentnetoftax": -936000000,
        "othercomprehensiveincomelossnetoftaxportionattributabletoparent": 866000000,
        "comprehensiveincomenetoftaxattributabletononcontrollinginterest": -9000000,
        "comprehensiveincomenetoftaxincludingportionattributabletononcontrollinginterest": 4281000000,
        "othercomprehensiveincomelossreclassificationadjustmentfromaocionderivativestax": -3000000,
        "othercomprehensiveincomelossreclassificationadjustmentfromaocipensionandotherpostretirementbenefitplansfornetgainlosstax": -60000000,
        "othercomprehensiveincomelossamortizationadjustmentfromaocipensionandotherpostretirementbenefitplansfornetpriorservicecostcredittax": -9000000,
        "revenues": 25381000000,
        "costofrevenue": 22090000000,
        "grossprofit": 6251000000,
        "generalandadministrativeexpense": 1222000000,
        "researchanddevelopmentexpense": 852000000,
        "gainlossondispositionofassets": -1000000,
        "operatingincomeloss": 4175000000,
        "othernonoperatingincomeexpense": 29000000,
        "interestanddebtexpense": 158000000,
        "incomelossfromcontinuingoperationsbeforeincometaxesextraordinaryitemsnoncontrollinginterest": 4046000000,
        "incometaxexpensebenefit": 622000000,
        "earningspersharebasic": 5.9700000000000015,
        "earningspersharediluted": 5.900000000000004
    },
    {
        "date": "2018-09-29",
        "symbol": "BA",
        "period": "Q3",
        "netincomeloss": 2363000000,
        "othercomprehensiveincomelossforeigncurrencytransactionandtranslationadjustmentnetoftax": 2000000,
        "othercomprehensiveincomelossavailableforsalesecuritiesadjustmentnetoftax": 0,
        "othercomprehensiveincomeunrealizedgainlossonderivativesarisingduringperiodnetoftax": -4000000,
        "othercomprehensiveincomelossreclassificationadjustmentfromaocionderivativesnetoftax": -10000000,
        "othercomprehensiveincomelossderivativesqualifyingashedgesnetoftax": 5000000,
        "othercomprehensiveincomelossamortizationadjustmentfromaocipensionandotherpostretirementbenefitplansfornetpriorservicecostcreditnetoftax": -35000000,
        "othercomprehensiveincomelossreclassificationadjustmentfromaocipensionandotherpostretirementbenefitplansfornetgainlossnetoftax": -219000000,
        "othercomprehensiveincomelosspensionandotherpostretirementbenefitplansadjustmentnetoftax": -183000000,
        "othercomprehensiveincomelossnetoftaxportionattributabletoparent": 190000000,
        "comprehensiveincomenetoftaxattributabletononcontrollinginterest": -2000000,
        "comprehensiveincomenetoftaxincludingportionattributabletononcontrollinginterest": 2551000000,
        "othercomprehensiveincomelossreclassificationadjustmentfromaocionderivativestax": -3000000,
        "othercomprehensiveincomelossamortizationadjustmentfromaocipensionandotherpostretirementbenefitplansfornetpriorservicecostcredittax": -10000000,
        "othercomprehensiveincomelossreclassificationadjustmentfromaocipensionandotherpostretirementbenefitplansfornetgainlosstax": -60000000,
        "revenues": 56815000000,
        "costofrevenue": 21040000000,
        "grossprofit": 4106000000,
        "incomelossfromequitymethodinvestments": 32000000,
        "generalandadministrativeexpense": 1154000000,
        "researchanddevelopmentexpense": 826000000,
        "gainlossondispositionofassets": 69000000,
        "operatingincomeloss": 6565000000,
        "othernonoperatingincomeexpense": 12000000,
        "interestanddebtexpense": 106000000,
        "incomelossfromcontinuingoperationsbeforeincometaxesextraordinaryitemsnoncontrollinginterest": 2133000000,
        "incometaxexpensebenefit": -230000000,
        "earningspersharebasic": 4.11,
        "earningspersharediluted": 4.0699999999999985,
        "commonstockdividendspersharecashpaid": 1.71,
        "dilutedweightedaveragesharesoutstanding": -4000000
    },
    {
        "date": "2018-06-29",
        "symbol": "BA",
        "period": "Q2",
        "netincomeloss": 2196000000,
        "othercomprehensiveincomelossforeigncurrencytransactionandtranslationadjustmentnetoftax": -84000000,
        "othercomprehensiveincomelossavailableforsalesecuritiesadjustmentnetoftax": 1000000,
        "othercomprehensiveincomeunrealizedgainlossonderivativesarisingduringperiodnetoftax": -91000000,
        "othercomprehensiveincomelossreclassificationadjustmentfromaocionderivativesnetoftax": -5000000,
        "othercomprehensiveincomelossderivativesqualifyingashedgesnetoftax": -85000000,
        "othercomprehensiveincomelossamortizationadjustmentfromaocipensionandotherpostretirementbenefitplansfornetpriorservicecostcreditnetoftax": -35000000,
        "othercomprehensiveincomelossreclassificationadjustmentfromaocipensionandotherpostretirementbenefitplansfornetgainlossnetoftax": -219000000,
        "pensionandpostretirementbenefitsrelatedtoequitymethodinvestmentsnetoftax": 0,
        "othercomprehensiveincomelosspensionandotherpostretirementbenefitplansadjustmentnetoftax": -191000000,
        "othercomprehensiveincomelossnetoftaxportionattributabletoparent": 23000000,
        "comprehensiveincomenetoftaxattributabletononcontrollinginterest": -9000000,
        "comprehensiveincomenetoftaxincludingportionattributabletononcontrollinginterest": 2210000000,
        "othercomprehensiveincomelossreclassificationadjustmentfromaocionderivativestax": -1000000,
        "othercomprehensiveincomelossamortizationadjustmentfromaocipensionandotherpostretirementbenefitplansfornetpriorservicecostcredittax": -10000000,
        "othercomprehensiveincomelossreclassificationadjustmentfromaocipensionandotherpostretirementbenefitplansfornetgainlosstax": -62000000,
        "pensionandpostretirementbenefitsrelatedtoourequitymethodinvestmentstax": 0,
        "salesrevenuegoodsnet": 21565000000,
        "salesrevenueservicesnet": 2693000000,
        "revenues": 4090000000,
        "costofgoodssold": 17436000000,
        "costofservices": 2083000000,
        "financialservicescosts": 17000000,
        "costofrevenue": 19536000000,
        "grossprofit": 4722000000,
        "incomelossfromequitymethodinvestments": 6000000,
        "generalandadministrativeexpense": 1194000000,
        "researchanddevelopmentexpense": 827000000,
        "gainlossondispositionofassets": 3000000,
        "operatingincomeloss": 603000000,
        "othernonoperatingincomeexpense": -15000000,
        "interestanddebtexpense": 109000000,
        "incomelossfromcontinuingoperationsbeforeincometaxesextraordinaryitemsnoncontrollinginterest": 2586000000,
        "incometaxexpensebenefit": 390000000,
        "earningspersharebasic": 3.7799999999999994,
        "earningspersharediluted": 3.7299999999999995,
        "commonstockdividendspersharecashpaid": 1.71,
        "dilutedweightedaveragesharesoutstanding": -4300000
    },
    {
        "date": "2018-03-30",
        "symbol": "BA",
        "period": "Q1",
        "netincomeloss": 2477000000,
        "othercomprehensiveincomelossforeigncurrencytransactionandtranslationadjustmentnetoftax": 27000000,
        "othercomprehensiveincomelossavailableforsalesecuritiesadjustmentnetoftax": 2000000,
        "othercomprehensiveincomeunrealizedgainlossonderivativesarisingduringperiodnetoftax": -2000000,
        "othercomprehensiveincomelossreclassificationadjustmentfromaocionderivativesnetoftax": -4000000,
        "othercomprehensiveincomelossderivativesqualifyingashedgesnetoftax": 2000000,
        "othercomprehensiveincomelossamortizationadjustmentfromaocipensionandotherpostretirementbenefitplansfornetpriorservicecostcreditnetoftax": -36000000,
        "othercomprehensiveincomelossreclassificationadjustmentfromaocipensionandotherpostretirementbenefitplansfornetgainlossnetoftax": -219000000,
        "pensionandpostretirementbenefitsrelatedtoequitymethodinvestmentsnetoftax": 3000000,
        "othercomprehensiveincomelosspensionandotherpostretirementbenefitplansadjustmentnetoftax": -180000000,
        "othercomprehensiveincomelossnetoftaxportionattributabletoparent": 211000000,
        "comprehensiveincomenetoftaxattributabletononcontrollinginterest": -1000000,
        "comprehensiveincomenetoftaxincludingportionattributabletononcontrollinginterest": 2687000000,
        "othercomprehensiveincomelossreclassificationadjustmentfromaocionderivativestax": -1000000,
        "othercomprehensiveincomelossamortizationadjustmentfromaocipensionandotherpostretirementbenefitplansfornetpriorservicecostcredittax": -10000000,
        "othercomprehensiveincomelossreclassificationadjustmentfromaocipensionandotherpostretirementbenefitplansfornetgainlosstax": -60000000,
        "pensionandpostretirementbenefitsrelatedtoourequitymethodinvestmentstax": 1000000,
        "salesrevenuegoodsnet": 20820000000,
        "salesrevenueservicesnet": 2562000000,
        "revenues": 3943000000,
        "costofgoodssold": 16816000000,
        "costofservices": 1992000000,
        "financialservicescosts": 16000000,
        "costofrevenue": 18824000000,
        "grossprofit": 4558000000,
        "incomelossfromequitymethodinvestments": 74000000,
        "generalandadministrativeexpense": 997000000,
        "researchanddevelopmentexpense": 764000000,
        "gainlossondispositionofassets": 4000000,
        "operatingincomeloss": 644000000,
        "othernonoperatingincomeexpense": 66000000,
        "interestanddebtexpense": 102000000,
        "incomelossfromcontinuingoperationsbeforeincometaxesextraordinaryitemsnoncontrollinginterest": 2839000000,
        "incometaxexpensebenefit": 362000000,
        "profitloss": 2477000000,
        "earningspersharebasic": 4.19,
        "earningspersharediluted": 4.15,
        "commonstockdividendspersharecashpaid": 1.71,
        "dilutedweightedaveragesharesoutstanding": 597200000
    },
    {
        "date": "2017-09-29",
        "symbol": "BA",
        "period": "Q3",
        "netincomeloss": 1853000000,
        "othercomprehensiveincomelossforeigncurrencytransactionandtranslationadjustmentnetoftax": 44000000,
        "othercomprehensiveincomeunrealizedgainlossonderivativesarisingduringperiodnetoftax": 40000000,
        "othercomprehensiveincomelossreclassificationadjustmentfromaocionderivativesnetoftax": -11000000,
        "othercomprehensiveincomelossderivativesqualifyingashedgesnetoftax": 50000000,
        "othercomprehensiveincomelossamortizationadjustmentfromaocipensionandotherpostretirementbenefitplansfornetpriorservicecostcreditnetoftax": -27000000,
        "othercomprehensiveincomelossreclassificationadjustmentfromaocipensionandotherpostretirementbenefitplansfornetgainlossnetoftax": -131000000,
        "othercomprehensiveincomelosspensionandotherpostretirementbenefitplansadjustmentnetoftax": -104000000,
        "othercomprehensiveincomelossnetoftaxportionattributabletoparent": 198000000,
        "comprehensiveincomenetoftaxincludingportionattributabletononcontrollinginterest": 2051000000,
        "othercomprehensiveincomeunrealizedgainlossonderivativesarisingduringperiodtax": 22000000,
        "othercomprehensiveincomelossreclassificationadjustmentfromaocionderivativestax": -5000000,
        "othercomprehensiveincomelossamortizationadjustmentfromaocipensionandotherpostretirementbenefitplansfornetpriorservicecostcredittax": -16000000,
        "othercomprehensiveincomelossreclassificationadjustmentfromaocipensionandotherpostretirementbenefitplansfornetgainlosstax": -72000000,
        "salesrevenuegoodsnet": 21825000000,
        "salesrevenueservicesnet": 2484000000,
        "revenues": -19380000000,
        "costofgoodssold": 18050000000,
        "costofservices": 1910000000,
        "financialservicescosts": 27000000,
        "costofrevenue": 19987000000,
        "grossprofit": 4322000000,
        "incomelossfromequitymethodinvestments": 49000000,
        "generalandadministrativeexpense": 915000000,
        "researchanddevelopmentexpense": 767000000,
        "operatingincomeloss": -1143000000,
        "othernonoperatingincomeexpense": 45000000,
        "interestanddebtexpense": 87000000,
        "incomelossfromcontinuingoperationsbeforeincometaxesextraordinaryitemsnoncontrollinginterest": 2647000000,
        "incometaxexpensebenefit": 794000000,
        "earningspersharebasic": 3.0899999999999994,
        "earningspersharediluted": 3.05,
        "commonstockdividendspersharecashpaid": 1.42,
        "dilutedweightedaveragesharesoutstanding": -2500000
    },
    {
        "date": "2017-06-29",
        "symbol": "BA",
        "period": "Q2",
        "netincomeloss": 1761000000,
        "othercomprehensiveincomelossforeigncurrencytransactionandtranslationadjustmentnetoftax": 43000000,
        "othercomprehensiveincomeunrealizedgainlossonderivativesarisingduringperiodnetoftax": 20000000,
        "othercomprehensiveincomelossreclassificationadjustmentfromaocionderivativesnetoftax": -17000000,
        "othercomprehensiveincomelossderivativesqualifyingashedgesnetoftax": 37000000,
        "othercomprehensiveincomelossamortizationadjustmentfromaocipensionandotherpostretirementbenefitplansfornetpriorservicecostcreditnetoftax": -29000000,
        "othercomprehensiveincomedefinedbenefitplansnetunamortizedgainlossarisingduringperiodnetoftax": 0,
        "othercomprehensiveincomelossreclassificationadjustmentfromaocipensionandotherpostretirementbenefitplansfornetgainlossnetoftax": -131000000,
        "pensionandpostretirementbenefitsrelatedtoequitymethodinvestmentsnetoftax": 0,
        "othercomprehensiveincomelosspensionandotherpostretirementbenefitplansadjustmentnetoftax": -102000000,
        "othercomprehensiveincomelossnetoftaxportionattributabletoparent": 181000000,
        "comprehensiveincomenetoftaxincludingportionattributabletononcontrollinginterest": 1941000000,
        "othercomprehensiveincomeunrealizedgainlossonderivativesarisingduringperiodtax": 11000000,
        "othercomprehensiveincomelossreclassificationadjustmentfromaocionderivativestax": -10000000,
        "othercomprehensiveincomelossamortizationadjustmentfromaocipensionandotherpostretirementbenefitplansfornetpriorservicecostcredittax": -15000000,
        "othercomprehensiveincomedefinedbenefitplansnetunamortizedgainlossarisingduringperiodtax": 0,
        "othercomprehensiveincomelossreclassificationadjustmentfromaocipensionandotherpostretirementbenefitplansfornetgainlosstax": -73000000,
        "pensionandpostretirementbenefitsrelatedtoourequitymethodinvestmentstax": 0,
        "salesrevenuegoodsnet": 20147000000,
        "salesrevenueservicesnet": 2592000000,
        "revenues": 15713000000,
        "costofgoodssold": 16443000000,
        "costofservices": 1932000000,
        "financialservicescosts": 13000000,
        "costofrevenue": 18388000000,
        "grossprofit": 4351000000,
        "incomelossfromequitymethodinvestments": 39000000,
        "generalandadministrativeexpense": 1040000000,
        "researchanddevelopmentexpense": 813000000,
        "operatingincomeloss": 1567000000,
        "othernonoperatingincomeexpense": 27000000,
        "interestanddebtexpense": 93000000,
        "incomelossfromcontinuingoperationsbeforeincometaxesextraordinaryitemsnoncontrollinginterest": 2469000000,
        "incometaxexpensebenefit": 708000000,
        "earningspersharebasic": 2.9200000000000004,
        "earningspersharediluted": 2.88,
        "commonstockdividendspersharecashpaid": 1.42,
        "dilutedweightedaveragesharesoutstanding": -5900000
    },
    {
        "date": "2017-03-30",
        "symbol": "BA",
        "period": "Q1",
        "netincomeloss": 1451000000,
        "othercomprehensiveincomelossforeigncurrencytransactionandtranslationadjustmentnetoftax": 34000000,
        "othercomprehensiveincomelossavailableforsalesecuritiesadjustmentnetoftax": 1000000,
        "othercomprehensiveincomeunrealizedgainlossonderivativesarisingduringperiodnetoftax": 56000000,
        "othercomprehensiveincomelossreclassificationadjustmentfromaocionderivativesnetoftax": -15000000,
        "othercomprehensiveincomelossderivativesqualifyingashedgesnetoftax": 68000000,
        "othercomprehensiveincomelossamortizationadjustmentfromaocipensionandotherpostretirementbenefitplansfornetpriorservicecostcreditnetoftax": -28000000,
        "othercomprehensiveincomedefinedbenefitplansnetunamortizedgainlossarisingduringperiodnetoftax": 3000000,
        "othercomprehensiveincomelossreclassificationadjustmentfromaocipensionandotherpostretirementbenefitplansfornetgainlossnetoftax": -132000000,
        "pensionandpostretirementbenefitsrelatedtoequitymethodinvestmentsnetoftax": 2000000,
        "othercomprehensiveincomelosspensionandotherpostretirementbenefitplansadjustmentnetoftax": -105000000,
        "othercomprehensiveincomelossnetoftaxportionattributabletoparent": 208000000,
        "comprehensiveincomenetoftaxincludingportionattributabletononcontrollinginterest": 1659000000,
        "othercomprehensiveincomeunrealizedholdinggainlossonsecuritiesarisingduringperiodtax": -1000000,
        "othercomprehensiveincomeunrealizedgainlossonderivativesarisingduringperiodtax": 28000000,
        "othercomprehensiveincomelossreclassificationadjustmentfromaocionderivativestax": -9000000,
        "othercomprehensiveincomelossamortizationadjustmentfromaocipensionandotherpostretirementbenefitplansfornetpriorservicecostcredittax": -16000000,
        "othercomprehensiveincomedefinedbenefitplansnetunamortizedgainlossarisingduringperiodtax": 1000000,
        "othercomprehensiveincomelossreclassificationadjustmentfromaocipensionandotherpostretirementbenefitplansfornetgainlosstax": -72000000,
        "pensionandpostretirementbenefitsrelatedtoourequitymethodinvestmentstax": 1000000,
        "salesrevenuegoodsnet": 18512000000,
        "salesrevenueservicesnet": 2464000000,
        "revenues": 14305000000,
        "costofgoodssold": 15363000000,
        "costofservices": 1888000000,
        "financialservicescosts": 13000000,
        "costofrevenue": 17264000000,
        "grossprofit": 3712000000,
        "incomelossfromequitymethodinvestments": 81000000,
        "generalandadministrativeexpense": 933000000,
        "researchanddevelopmentexpense": 838000000,
        "gainlossondispositionofassets": 2000000,
        "operatingincomeloss": 1215000000,
        "othernonoperatingincomeexpense": 22000000,
        "interestanddebtexpense": 87000000,
        "incomelossfromcontinuingoperationsbeforeincometaxesextraordinaryitemsnoncontrollinginterest": 1959000000,
        "incometaxexpensebenefit": 508000000,
        "earningspersharebasic": 2.36,
        "earningspersharediluted": 2.34,
        "commonstockdividendspersharecashpaid": 1.42,
        "dilutedweightedaveragesharesoutstanding": 621200000
    },
    {
        "date": "2016-09-29",
        "symbol": "BA",
        "period": "Q3",
        "netincomeloss": 10000000,
        "othercomprehensiveincomelossforeigncurrencytransactionandtranslationadjustmentnetoftax": -10000000,
        "othercomprehensiveincomelossavailableforsalesecuritiesadjustmentnetoftax": 2000000,
        "othercomprehensiveincomeunrealizedgainlossonderivativesarisingduringperiodnetoftax": 14000000,
        "othercomprehensiveincomelossreclassificationadjustmentfromaocionderivativesnetoftax": -14000000,
        "othercomprehensiveincomelossderivativesqualifyingashedgesnetoftax": 28000000,
        "othercomprehensiveincomelossamortizationadjustmentfromaocipensionandotherpostretirementbenefitplansfornetpriorservicecostcreditnetoftax": -15000000,
        "othercomprehensiveincomedefinedbenefitplansnetunamortizedgainlossarisingduringperiodnetoftax": -1000000,
        "othercomprehensiveincomelossreclassificationadjustmentfromaocipensionandotherpostretirementbenefitplansfornetgainlossnetoftax": -131000000,
        "othercomprehensiveincomesettlementsandcurtailmentsincludedinnetincomenetoftax": 0,
        "pensionandpostretirementbenefitsrelatedtoequitymethodinvestmentsnetoftax": -2000000,
        "othercomprehensiveincomelosspensionandotherpostretirementbenefitplansadjustmentnetoftax": -117000000,
        "othercomprehensiveincomelossnetoftaxportionattributabletoparent": 137000000,
        "comprehensiveincomenetoftaxincludingportionattributabletononcontrollinginterest": 2415000000,
        "othercomprehensiveincomeunrealizedgainlossonderivativesarisingduringperiodtax": 7000000,
        "othercomprehensiveincomelossreclassificationadjustmentfromaocionderivativestax": -8000000,
        "othercomprehensiveincomelossamortizationadjustmentfromaocipensionandotherpostretirementbenefitplansfornetpriorservicecostcredittax": -8000000,
        "othercomprehensiveincomedefinedbenefitplansnetunamortizedgainlossarisingduringperiodtax": 0,
        "othercomprehensiveincomelossreclassificationadjustmentfromaocipensionandotherpostretirementbenefitplansfornetgainlosstax": -72000000,
        "othercomprehensiveincomesettlementsandcurtailmentsincludedinnetincometax": 0,
        "pensionandpostretirementbenefitsrelatedtoourequitymethodinvestmentstax": -1000000,
        "salesrevenuegoodsnet": 21494000000,
        "salesrevenueservicesnet": 2404000000,
        "revenues": 16973000000,
        "costofgoodssold": 17907000000,
        "costofservices": 1983000000,
        "financialservicescosts": 14000000,
        "costofrevenue": 19904000000,
        "grossprofit": 3994000000,
        "incomelossfromequitymethodinvestments": 69000000,
        "generalandadministrativeexpense": 923000000,
        "researchanddevelopmentexpense": 857000000,
        "gainlossondispositionofassets": -1000000,
        "operatingincomeloss": 1597000000,
        "othernonoperatingincomeexpense": 2000000,
        "interestanddebtexpense": 81000000,
        "incomelossfromcontinuingoperationsbeforeincometaxesextraordinaryitemsnoncontrollinginterest": 2203000000,
        "incometaxexpensebenefit": -76000000,
        "earningspersharebasic": 3.57,
        "earningspersharediluted": 0.020000000000000018,
        "commonstockdividendspersharecashpaid": 1.0899999999999996,
        "dilutedweightedaveragesharesoutstanding": -7000000
    },
    {
        "date": "2016-06-29",
        "symbol": "BA",
        "period": "Q2",
        "netincomeloss": -1165000000,
        "othercomprehensiveincomelossforeigncurrencytransactionandtranslationadjustmentnetoftax": -16000000,
        "othercomprehensiveincomelossavailableforsalesecuritiesadjustmentnetoftax": 1000000,
        "othercomprehensiveincomeunrealizedgainlossonderivativesarisingduringperiodnetoftax": -21000000,
        "othercomprehensiveincomelossreclassificationadjustmentfromaocionderivativesnetoftax": -17000000,
        "othercomprehensiveincomelossderivativesqualifyingashedgesnetoftax": 3000000,
        "othercomprehensiveincomelossamortizationadjustmentfromaocipensionandotherpostretirementbenefitplansfornetpriorservicecostcreditnetoftax": -13000000,
        "othercomprehensiveincomedefinedbenefitplansnetunamortizedgainlossarisingduringperiodnetoftax": -59000000,
        "othercomprehensiveincomelossreclassificationadjustmentfromaocipensionandotherpostretirementbenefitplansfornetgainlossnetoftax": -130000000,
        "othercomprehensiveincomesettlementsandcurtailmentsincludedinnetincomenetoftax": -3000000,
        "pensionandpostretirementbenefitsrelatedtoequitymethodinvestmentsnetoftax": 6000000,
        "othercomprehensiveincomelosspensionandotherpostretirementbenefitplansadjustmentnetoftax": -55000000,
        "othercomprehensiveincomelossnetoftaxportionattributabletoparent": 43000000,
        "comprehensiveincomenetoftaxincludingportionattributabletononcontrollinginterest": -192000000,
        "othercomprehensiveincomeunrealizedholdinggainlossonsecuritiesarisingduringperiodtax": 0,
        "othercomprehensiveincomeunrealizedgainlossonderivativesarisingduringperiodtax": -9000000,
        "othercomprehensiveincomelossreclassificationadjustmentfromaocionderivativestax": -12000000,
        "othercomprehensiveincomelossamortizationadjustmentfromaocipensionandotherpostretirementbenefitplansfornetpriorservicecostcredittax": -8000000,
        "othercomprehensiveincomedefinedbenefitplansnetunamortizedgainlossarisingduringperiodtax": -34000000,
        "othercomprehensiveincomelossreclassificationadjustmentfromaocipensionandotherpostretirementbenefitplansfornetgainlosstax": -73000000,
        "othercomprehensiveincomesettlementsandcurtailmentsincludedinnetincometax": -1000000,
        "pensionandpostretirementbenefitsrelatedtoourequitymethodinvestmentstax": 3000000,
        "salesrevenuegoodsnet": 22184000000,
        "salesrevenueservicesnet": 2571000000,
        "revenues": 17456000000,
        "costofgoodssold": 20265000000,
        "costofservices": 2044000000,
        "financialservicescosts": 16000000,
        "costofrevenue": 22325000000,
        "grossprofit": 2430000000,
        "incomelossfromequitymethodinvestments": 97000000,
        "generalandadministrativeexpense": 806000000,
        "researchanddevelopmentexpense": 2127000000,
        "gainlossondispositionofassets": -13000000,
        "operatingincomeloss": -973000000,
        "othernonoperatingincomeexpense": 13000000,
        "interestanddebtexpense": 73000000,
        "incomelossfromcontinuingoperationsbeforeincometaxesextraordinaryitemsnoncontrollinginterest": -479000000,
        "incometaxexpensebenefit": -245000000,
        "earningspersharebasic": -0.33000000000000007,
        "earningspersharediluted": -1.75,
        "commonstockdividendspersharecashpaid": 1.09,
        "dilutedweightedaveragesharesoutstanding": -10900000
    },
    {
        "date": "2016-03-30",
        "symbol": "BA",
        "period": "Q1",
        "netincomeloss": 1219000000,
        "othercomprehensiveincomelossforeigncurrencytransactionandtranslationadjustmentnetoftax": 23000000,
        "othercomprehensiveincomelossavailableforsalesecuritiesadjustmentnetoftax": -2000000,
        "othercomprehensiveincomeunrealizedgainlossonderivativesarisingduringperiodnetoftax": 62000000,
        "othercomprehensiveincomelossreclassificationadjustmentfromaocionderivativesnetoftax": -21000000,
        "othercomprehensiveincomelossderivativesqualifyingashedgesnetoftax": 81000000,
        "othercomprehensiveincomelossamortizationadjustmentfromaocipensionandotherpostretirementbenefitplansfornetpriorservicecostcreditnetoftax": -14000000,
        "othercomprehensiveincomedefinedbenefitplansnetunamortizedgainlossarisingduringperiodnetoftax": -328000000,
        "othercomprehensiveincomelossreclassificationadjustmentfromaocipensionandotherpostretirementbenefitplansfornetgainlossnetoftax": -131000000,
        "othercomprehensiveincomesettlementsandcurtailmentsincludedinnetincomenetoftax": -11000000,
        "pensionandpostretirementbenefitsrelatedtoequitymethodinvestmentsnetoftax": -8000000,
        "othercomprehensiveincomelosspensionandotherpostretirementbenefitplansadjustmentnetoftax": 192000000,
        "othercomprehensiveincomelossnetoftaxportionattributabletoparent": -90000000,
        "comprehensiveincomenetoftaxattributabletononcontrollinginterest": 1000000,
        "comprehensiveincomenetoftaxincludingportionattributabletononcontrollinginterest": 1130000000,
        "othercomprehensiveincomeunrealizedholdinggainlossonsecuritiesarisingduringperiodtax": 1000000,
        "othercomprehensiveincomeunrealizedgainlossonderivativesarisingduringperiodtax": 32000000,
        "othercomprehensiveincomelossreclassificationadjustmentfromaocionderivativestax": -12000000,
        "othercomprehensiveincomelossamortizationadjustmentfromaocipensionandotherpostretirementbenefitplansfornetpriorservicecostcredittax": -7000000,
        "othercomprehensiveincomedefinedbenefitplansnetunamortizedgainlossarisingduringperiodtax": -181000000,
        "othercomprehensiveincomelossreclassificationadjustmentfromaocipensionandotherpostretirementbenefitplansfornetgainlosstax": -72000000,
        "othercomprehensiveincomesettlementsandcurtailmentsincludedinnetincometax": -6000000,
        "pensionandpostretirementbenefitsrelatedtoourequitymethodinvestmentstax": -4000000,
        "salesrevenuegoodsnet": 19885000000,
        "salesrevenueservicesnet": 2747000000,
        "revenues": 14399000000,
        "costofgoodssold": 16945000000,
        "costofservices": 2136000000,
        "financialservicescosts": 16000000,
        "costofrevenue": 19097000000,
        "grossprofit": 3535000000,
        "incomelossfromequitymethodinvestments": 54000000,
        "generalandadministrativeexpense": 888000000,
        "researchanddevelopmentexpense": 917000000,
        "gainlossondispositionofassets": 4000000,
        "operatingincomeloss": 1033000000,
        "othernonoperatingincomeexpense": 26000000,
        "interestanddebtexpense": 73000000,
        "incomelossfromcontinuingoperationsbeforeincometaxesextraordinaryitemsnoncontrollinginterest": 1741000000,
        "incometaxexpensebenefit": 522000000,
        "earningspersharebasic": 1.85,
        "earningspersharediluted": 1.83,
        "commonstockdividendspersharecashpaid": 1.09,
        "dilutedweightedaveragesharesoutstanding": 665800000
    },
    {
        "date": "2015-09-29",
        "symbol": "BA",
        "period": "Q3",
        "netincomeloss": 1704000000,
        "othercomprehensiveincomelossforeigncurrencytransactionandtranslationadjustmentnetoftax": -35000000,
        "othercomprehensiveincomelossavailableforsalesecuritiesadjustmentnetoftax": 1000000,
        "othercomprehensiveincomeunrealizedgainlossonderivativesarisingduringperiodnetoftax": -71000000,
        "othercomprehensiveincomelossreclassificationadjustmentfromaocionderivativesnetoftax": -21000000,
        "othercomprehensiveincomelossderivativesqualifyingashedgesnetoftax": -49000000,
        "othercomprehensiveincomelossamortizationadjustmentfromaocipensionandotherpostretirementbenefitplansfornetpriorservicecostcreditnetoftax": 10000000,
        "othercomprehensiveincomelossreclassificationadjustmentfromaocipensionandotherpostretirementbenefitplansfornetgainlossnetoftax": -257000000,
        "othercomprehensiveincomelosspensionandotherpostretirementbenefitplansadjustmentnetoftax": -240000000,
        "othercomprehensiveincomelossnetoftaxportionattributabletoparent": 157000000,
        "comprehensiveincomenetoftaxincludingportionattributabletononcontrollinginterest": 1860000000,
        "othercomprehensiveincomeunrealizedholdinggainlossonsecuritiesarisingduringperiodtax": 2000000,
        "othercomprehensiveincomeunrealizedgainlossonderivativesarisingduringperiodtax": -41000000,
        "othercomprehensiveincomelossreclassificationadjustmentfromaocionderivativestax": -12000000,
        "othercomprehensiveincomelossamortizationadjustmentfromaocipensionandotherpostretirementbenefitplansfornetpriorservicecostcredittax": 5000000,
        "othercomprehensiveincomelossreclassificationadjustmentfromaocipensionandotherpostretirementbenefitplansfornetgainlosstax": -143000000,
        "salesrevenuegoodsnet": 23000000000,
        "salesrevenueservicesnet": 2849000000,
        "revenues": 17692000000,
        "costofgoodssold": 19393000000,
        "costofservices": 2191000000,
        "financialservicescosts": 16000000,
        "costofrevenue": 21600000000,
        "grossprofit": 4249000000,
        "incomelossfromequitymethodinvestments": 78000000,
        "generalandadministrativeexpense": 889000000,
        "researchanddevelopmentexpense": 857000000,
        "operatingincomeloss": 1768000000,
        "othernonoperatingincomeexpense": -26000000,
        "interestanddebtexpense": 67000000,
        "incomelossfromcontinuingoperationsbeforeincometaxesextraordinaryitemsnoncontrollinginterest": 2487000000,
        "incometaxexpensebenefit": 783000000,
        "earningspersharebasic": 2.49,
        "earningspersharediluted": 2.46,
        "commonstockdividendspersharecashpaid": 0.9099999999999998,
        "dilutedweightedaveragesharesoutstanding": -5700000
    },
    {
        "date": "2015-06-29",
        "symbol": "BA",
        "period": "Q2",
        "netincomeloss": 1110000000,
        "othercomprehensiveincomelossforeigncurrencytransactionandtranslationadjustmentnetoftax": 44000000,
        "othercomprehensiveincomelossavailableforsalesecuritiesadjustmentnetoftax": 3000000,
        "othercomprehensiveincomeunrealizedgainlossonderivativesarisingduringperiodnetoftax": 24000000,
        "othercomprehensiveincomelossreclassificationadjustmentfromaocionderivativesnetoftax": -14000000,
        "othercomprehensiveincomelossderivativesqualifyingashedgesnetoftax": 41000000,
        "othercomprehensiveincomelossamortizationadjustmentfromaocipensionandotherpostretirementbenefitplansfornetpriorservicecostcreditnetoftax": 9000000,
        "othercomprehensiveincomelossreclassificationadjustmentfromaocipensionandotherpostretirementbenefitplansfornetgainlossnetoftax": -264000000,
        "othercomprehensiveincomelosspensionandotherpostretirementbenefitplansadjustmentnetoftax": -307000000,
        "othercomprehensiveincomelossnetoftaxportionattributabletoparent": 395000000,
        "netincomelossattributabletononcontrollinginterest": 0,
        "comprehensiveincomenetoftaxincludingportionattributabletononcontrollinginterest": 1505000000,
        "othercomprehensiveincomeunrealizedholdinggainlossonsecuritiesarisingduringperiodtax": 2000000,
        "othercomprehensiveincomeunrealizedgainlossonderivativesarisingduringperiodtax": 14000000,
        "othercomprehensiveincomelossreclassificationadjustmentfromaocionderivativestax": -10000000,
        "othercomprehensiveincomelossamortizationadjustmentfromaocipensionandotherpostretirementbenefitplansfornetpriorservicecostcredittax": 6000000,
        "othercomprehensiveincomelossreclassificationadjustmentfromaocipensionandotherpostretirementbenefitplansfornetgainlosstax": -145000000,
        "salesrevenuegoodsnet": 21923000000,
        "salesrevenueservicesnet": 2620000000,
        "revenues": 16877000000,
        "costofgoodssold": 19247000000,
        "costofservices": 2086000000,
        "financialservicescosts": 17000000,
        "costofrevenue": 21350000000,
        "grossprofit": 3193000000,
        "incomelossfromequitymethodinvestments": 50000000,
        "generalandadministrativeexpense": 760000000,
        "researchanddevelopmentexpense": 800000000,
        "gainlossondispositionofassets": 0,
        "operatingincomeloss": 1206000000,
        "othernonoperatingincomeexpense": 15000000,
        "interestanddebtexpense": 75000000,
        "incomelossfromcontinuingoperationsbeforeincometaxesextraordinaryitemsnoncontrollinginterest": 1623000000,
        "incometaxexpensebenefit": 513000000,
        "earningspersharebasic": 1.61,
        "earningspersharediluted": 1.5899999999999999,
        "commonstockdividendspersharecashpaid": 0.91,
        "dilutedweightedaveragesharesoutstanding": -7600000
    },
    {
        "date": "2015-03-30",
        "symbol": "BA",
        "period": "Q1",
        "netincomeloss": 1336000000,
        "othercomprehensiveincomelossforeigncurrencytransactionandtranslationadjustmentnetoftax": -88000000,
        "othercomprehensiveincomelossavailableforsalesecuritiesadjustmentnetoftax": 1000000,
        "othercomprehensiveincomeunrealizedgainlossonderivativesarisingduringperiodnetoftax": -90000000,
        "othercomprehensiveincomelossreclassificationadjustmentfromaocionderivativesnetoftax": -9000000,
        "othercomprehensiveincomelossderivativesqualifyingashedgesnetoftax": -79000000,
        "othercomprehensiveincomelossamortizationadjustmentfromaocipensionandotherpostretirementbenefitplansfornetpriorservicecostcreditnetoftax": 10000000,
        "othercomprehensiveincomelossreclassificationadjustmentfromaocipensionandotherpostretirementbenefitplansfornetgainlossnetoftax": -244000000,
        "othercomprehensiveincomelosspensionandotherpostretirementbenefitplansadjustmentnetoftax": -254000000,
        "othercomprehensiveincomelossnetoftaxportionattributabletoparent": 88000000,
        "netincomelossattributabletononcontrollinginterest": 1000000,
        "comprehensiveincomenetoftaxincludingportionattributabletononcontrollinginterest": 1423000000,
        "othercomprehensiveincomeunrealizedholdinggainlossonsecuritiesarisingduringperiodtax": 1000000,
        "othercomprehensiveincomeunrealizedgainlossonderivativesarisingduringperiodtax": -51000000,
        "othercomprehensiveincomelossreclassificationadjustmentfromaocionderivativestax": -6000000,
        "othercomprehensiveincomelossamortizationadjustmentfromaocipensionandotherpostretirementbenefitplansfornetpriorservicecostcredittax": 5000000,
        "othercomprehensiveincomelossreclassificationadjustmentfromaocipensionandotherpostretirementbenefitplansfornetgainlosstax": -137000000,
        "salesrevenuegoodsnet": 19485000000,
        "salesrevenueservicesnet": 2664000000,
        "revenues": 15381000000,
        "costofgoodssold": 16380000000,
        "costofservices": 2100000000,
        "financialservicescosts": 16000000,
        "costofrevenue": 18496000000,
        "grossprofit": 3653000000,
        "incomelossfromequitymethodinvestments": 79000000,
        "generalandadministrativeexpense": 945000000,
        "researchanddevelopmentexpense": 769000000,
        "gainlossondispositionofassets": 1000000,
        "operatingincomeloss": 1617000000,
        "othernonoperatingincomeexpense": -12000000,
        "interestanddebtexpense": 61000000,
        "incomelossfromcontinuingoperationsbeforeincometaxesextraordinaryitemsnoncontrollinginterest": 1946000000,
        "incometaxexpensebenefit": 610000000,
        "earningspersharebasic": 1.89,
        "earningspersharediluted": 1.87,
        "commonstockdividendspersharecashpaid": 0.91,
        "dilutedweightedaveragesharesoutstanding": 714200000
    },
    {
        "date": "2014-09-29",
        "symbol": "BA",
        "period": "Q3",
        "netincomeloss": 1362000000,
        "othercomprehensiveincomelossforeigncurrencytransactionandtranslationadjustmentnetoftax": -72000000,
        "othercomprehensiveincomelossavailableforsalesecuritiesadjustmentnetoftax": -1000000,
        "othercomprehensiveincomeunrealizedgainlossonderivativesarisingduringperiodnetoftax": -19000000,
        "othercomprehensiveincomelossreclassificationadjustmentfromaocionderivativesnetoftax": 8000000,
        "othercomprehensiveincomelossderivativesqualifyingashedgesnetoftax": -92000000,
        "othercomprehensiveincomelossamortizationadjustmentfromaocipensionandotherpostretirementbenefitplansfornetpriorservicecostcreditnetoftax": 5000000,
        "othercomprehensiveincomedefinedbenefitplansnetunamortizedgainlossarisingduringperiodnetoftax": 1000000,
        "othercomprehensiveincomelossreclassificationadjustmentfromaocipensionandotherpostretirementbenefitplansfornetgainlossnetoftax": -165000000,
        "othercomprehensiveincomesettlementsandcurtailmentsincludedinnetincomenetoftax": 0,
        "othercomprehensiveincomelosspensionandotherpostretirementbenefitplansadjustmentnetoftax": -171000000,
        "othercomprehensiveincomelossnetoftaxportionattributabletoparent": 6000000,
        "netincomelossattributabletononcontrollinginterest": -3000000,
        "comprehensiveincomenetoftaxincludingportionattributabletononcontrollinginterest": 1371000000,
        "othercomprehensiveincomeunrealizedholdinggainlossonsecuritiesarisingduringperiodtax": -1000000,
        "othercomprehensiveincomeunrealizedgainlossonderivativesarisingduringperiodtax": -50000000,
        "othercomprehensiveincomelossreclassificationadjustmentfromaocionderivativestax": 1000000,
        "othercomprehensiveincomelossamortizationadjustmentfromaocipensionandotherpostretirementbenefitplansfornetpriorservicecostcredittax": 3000000,
        "othercomprehensiveincomedefinedbenefitplansnetunamortizedgainlossarisingduringperiodtax": 1000000,
        "othercomprehensiveincomelossreclassificationadjustmentfromaocipensionandotherpostretirementbenefitplansfornetgainlosstax": -90000000,
        "salesrevenuegoodsnet": 21378000000,
        "salesrevenueservicesnet": 2406000000,
        "revenues": 959000000,
        "costofgoodssold": 18091000000,
        "costofservices": 1966000000,
        "financialservicescosts": 18000000,
        "costofrevenue": 20075000000,
        "grossprofit": 3709000000,
        "incomelossfromequitymethodinvestments": 92000000,
        "generalandadministrativeexpense": 932000000,
        "researchanddevelopmentexpense": 750000000,
        "operatingincomeloss": -454000000,
        "othernonoperatingincomeexpense": -9000000,
        "interestanddebtexpense": 79000000,
        "incomelossfromcontinuingoperationsbeforeincometaxesextraordinaryitemsnoncontrollinginterest": 2031000000,
        "incometaxexpensebenefit": 669000000,
        "incomelossfromcontinuingoperations": 1362000000,
        "incomelossfromcontinuingoperationsperbasicshare": 1.8699999999999999,
        "earningspersharebasic": 1.8699999999999999,
        "incomelossfromcontinuingoperationsperdilutedshare": 1.84,
        "earningspersharediluted": 1.84,
        "commonstockdividendspersharecashpaid": 0.73,
        "dilutedweightedaveragesharesoutstanding": -751900000
    },
    {
        "date": "2014-06-29",
        "symbol": "BA",
        "period": "Q2",
        "netincomeloss": 1653000000,
        "othercomprehensiveincomelossforeigncurrencytransactionandtranslationadjustmentnetoftax": 21000000,
        "othercomprehensiveincomelossavailableforsalesecuritiesadjustmentnetoftax": 1000000,
        "othercomprehensiveincomeunrealizedgainlossonderivativesarisingduringperiodnetoftax": 32000000,
        "othercomprehensiveincomelossreclassificationadjustmentfromaocionderivativesnetoftax": 9000000,
        "othercomprehensiveincomelossderivativesqualifyingashedgesnetoftax": 32000000,
        "othercomprehensiveincomelossamortizationadjustmentfromaocipensionandotherpostretirementbenefitplansfornetpriorservicecostcreditnetoftax": 5000000,
        "othercomprehensiveincomedefinedbenefitplansnetunamortizedgainlossarisingduringperiodnetoftax": 2000000,
        "othercomprehensiveincomelossreclassificationadjustmentfromaocipensionandotherpostretirementbenefitplansfornetgainlossnetoftax": -164000000,
        "othercomprehensiveincomesettlementsandcurtailmentsincludedinnetincomenetoftax": 1000000,
        "othercomprehensiveincomelosspensionandotherpostretirementbenefitplansadjustmentnetoftax": -170000000,
        "othercomprehensiveincomelossnetoftaxportionattributabletoparent": 224000000,
        "netincomelossattributabletononcontrollinginterest": -3000000,
        "comprehensiveincomenetoftaxincludingportionattributabletononcontrollinginterest": 1880000000,
        "othercomprehensiveincomeunrealizedholdinggainlossonsecuritiesarisingduringperiodtax": 1000000,
        "othercomprehensiveincomeunrealizedgainlossonderivativesarisingduringperiodtax": 20000000,
        "othercomprehensiveincomelossreclassificationadjustmentfromaocionderivativestax": 3000000,
        "othercomprehensiveincomelossamortizationadjustmentfromaocipensionandotherpostretirementbenefitplansfornetpriorservicecostcredittax": 3000000,
        "othercomprehensiveincomedefinedbenefitplansnetunamortizedgainlossarisingduringperiodtax": 1000000,
        "othercomprehensiveincomelossreclassificationadjustmentfromaocipensionandotherpostretirementbenefitplansfornetgainlosstax": -91000000,
        "salesrevenuegoodsnet": 19527000000,
        "salesrevenueservicesnet": 2518000000,
        "revenues": 4000000,
        "costofgoodssold": 16674000000,
        "costofservices": 1979000000,
        "financialservicescosts": 17000000,
        "costofrevenue": 18670000000,
        "grossprofit": 3375000000,
        "incomelossfromequitymethodinvestments": 61000000,
        "generalandadministrativeexpense": 918000000,
        "researchanddevelopmentexpense": 733000000,
        "gainlossondispositionofassets": 2000000,
        "operatingincomeloss": 582000000,
        "othernonoperatingincomeexpense": 11000000,
        "interestanddebtexpense": 81000000,
        "incomelossfromcontinuingoperationsbeforeincometaxesextraordinaryitemsnoncontrollinginterest": 1717000000,
        "incometaxexpensebenefit": 64000000,
        "incomelossfromcontinuingoperations": 1653000000,
        "incomelossfromcontinuingoperationsperbasicshare": 2.26,
        "earningspersharebasic": 2.26,
        "incomelossfromcontinuingoperationsperdilutedshare": 2.24,
        "earningspersharediluted": 2.24,
        "commonstockdividendspersharecashpaid": 0.73,
        "dilutedweightedaveragesharesoutstanding": 740100000
    },
    {
        "date": "2014-03-30",
        "symbol": "BA",
        "period": "Q1",
        "netincomeloss": 965000000,
        "othercomprehensiveincomelossforeigncurrencytransactionandtranslationadjustmentnetoftax": 17000000,
        "othercomprehensiveincomelossavailableforsalesecuritiesadjustmentnetoftax": 2000000,
        "othercomprehensiveincomeunrealizedgainlossonderivativesarisingduringperiodnetoftax": -12000000,
        "othercomprehensiveincomelossreclassificationadjustmentfromaocionderivativesnetoftax": -3000000,
        "othercomprehensiveincomelossderivativesqualifyingashedgesnetoftax": -6000000,
        "othercomprehensiveincomelossamortizationadjustmentfromaocipensionandotherpostretirementbenefitplansfornetpriorservicecostcreditnetoftax": 6000000,
        "othercomprehensiveincomedefinedbenefitplansnetunamortizedgainlossarisingduringperiodnetoftax": 620000000,
        "othercomprehensiveincomelossreclassificationadjustmentfromaocipensionandotherpostretirementbenefitplansfornetgainlossnetoftax": -169000000,
        "othercomprehensiveincomesettlementsandcurtailmentsincludedinnetincomenetoftax": -203000000,
        "othercomprehensiveincomelosspensionandotherpostretirementbenefitplansadjustmentnetoftax": -998000000,
        "othercomprehensiveincomelossnetoftaxportionattributabletoparent": 1011000000,
        "netincomelossattributabletononcontrollinginterest": -3000000,
        "comprehensiveincomenetoftaxincludingportionattributabletononcontrollinginterest": 1979000000,
        "othercomprehensiveincomeunrealizedholdinggainlossonsecuritiesarisingduringperiodtax": 1000000,
        "othercomprehensiveincomeunrealizedgainlossonderivativesarisingduringperiodtax": -6000000,
        "othercomprehensiveincomelossreclassificationadjustmentfromaocionderivativestax": -3000000,
        "othercomprehensiveincomelossamortizationadjustmentfromaocipensionandotherpostretirementbenefitplansfornetpriorservicecostcredittax": 3000000,
        "othercomprehensiveincomedefinedbenefitplansnetunamortizedgainlossarisingduringperiodtax": 346000000,
        "othercomprehensiveincomelossreclassificationadjustmentfromaocipensionandotherpostretirementbenefitplansfornetgainlosstax": -94000000,
        "othercomprehensiveincomesettlementsandcurtailmentsincludedinnetincometax": -113000000,
        "salesrevenuegoodsnet": 18015000000,
        "salesrevenueservicesnet": 2450000000,
        "revenues": 274000000,
        "costofgoodssold": 15258000000,
        "costofservices": 2020000000,
        "financialservicescosts": 18000000,
        "costofrevenue": 17296000000,
        "grossprofit": 3169000000,
        "incomelossfromequitymethodinvestments": 59000000,
        "generalandadministrativeexpense": 877000000,
        "researchanddevelopmentexpense": 809000000,
        "operatingincomeloss": -62000000,
        "othernonoperatingincomeexpense": 9000000,
        "interestanddebtexpense": 92000000,
        "incomelossfromcontinuingoperationsbeforeincometaxesextraordinaryitemsnoncontrollinginterest": 1459000000,
        "incometaxexpensebenefit": 494000000,
        "incomelossfromcontinuingoperations": 965000000,
        "incomelossfromcontinuingoperationsperbasicshare": 1.3,
        "earningspersharebasic": 1.3,
        "incomelossfromcontinuingoperationsperdilutedshare": 1.28,
        "earningspersharediluted": 1.28,
        "commonstockdividendspersharecashpaid": 0.73,
        "dilutedweightedaveragesharesoutstanding": 754100000
    },
    {
        "date": "2013-09-29",
        "symbol": "BA",
        "period": "Q3",
        "netincomeloss": 1158000000,
        "othercomprehensiveincomelossforeigncurrencytransactionandtranslationadjustmentnetoftax": 42000000,
        "othercomprehensiveincomeunrealizedgainlossonderivativesarisingduringperiodnetoftax": 36000000,
        "othercomprehensiveincomelossreclassificationadjustmentfromaocionderivativesnetoftax": -4000000,
        "othercomprehensiveincomelossderivativesqualifyingashedgesnetoftax": 25000000,
        "othercomprehensiveincomelossamortizationadjustmentfromaocipensionandotherpostretirementbenefitplansfornetpriorservicecostcreditnetoftax": 4000000,
        "othercomprehensiveincomedefinedbenefitplansnetunamortizedgainlossarisingduringperiodnetoftax": 101000000,
        "othercomprehensiveincomelossreclassificationadjustmentfromaocipensionandotherpostretirementbenefitplansfornetgainlossnetoftax": -380000000,
        "othercomprehensiveincomesettlementsandcurtailmentsincludedinnetincomenetoftax": -54000000,
        "pensionandpostretirementbenefitsrelatedtoequitymethodinvestmentsnetoftax": -1000000,
        "othercomprehensiveincomelosspensionandotherpostretirementbenefitplansadjustmentnetoftax": -540000000,
        "othercomprehensiveincomelossnetoftaxportionattributabletoparent": 607000000,
        "netincomelossattributabletononcontrollinginterest": 18000000,
        "comprehensiveincomenetoftaxincludingportionattributabletononcontrollinginterest": 1747000000,
        "othercomprehensiveincomeunrealizedgainlossonderivativesarisingduringperiodtax": 20000000,
        "othercomprehensiveincomelossreclassificationadjustmentfromaocionderivativestax": 5000000,
        "othercomprehensiveincomelossamortizationadjustmentfromaocipensionandotherpostretirementbenefitplansfornetpriorservicecostcredittax": 3000000,
        "othercomprehensiveincomedefinedbenefitplansnetunamortizedgainlossarisingduringperiodtax": 56000000,
        "othercomprehensiveincomelossreclassificationadjustmentfromaocipensionandotherpostretirementbenefitplansfornetgainlosstax": 213000000,
        "othercomprehensiveincomesettlementsandcurtailmentsincludedinnetincometax": -30000000,
        "pensionandpostretirementbenefitsrelatedtoourequitymethodinvestmentstax": -1000000,
        "salesrevenuegoodsnet": 19754000000,
        "salesrevenueservicesnet": 2376000000,
        "revenues": 5000000,
        "costofgoodssold": 16865000000,
        "costofservices": 1791000000,
        "financialservicescosts": 18000000,
        "costofrevenue": 18674000000,
        "grossprofit": 3456000000,
        "incomelossfromequitymethodinvestments": 59000000,
        "generalandadministrativeexpense": 956000000,
        "researchanddevelopmentexpense": 755000000,
        "gainlossondispositionofassets": -1000000,
        "operatingincomeloss": -10000000,
        "othernonoperatingincomeexpense": 19000000,
        "interestanddebtexpense": 95000000,
        "incomelossfromcontinuingoperationsbeforeincometaxesextraordinaryitemsnoncontrollinginterest": 1727000000,
        "incometaxexpensebenefit": 567000000,
        "incomelossfromcontinuingoperations": 1160000000,
        "discontinuedoperationgainlossondisposalofdiscontinuedoperationnetoftax": -2000000,
        "incomelossfromcontinuingoperationsperbasicshare": 1.53,
        "earningspersharebasic": 1.53,
        "incomelossfromcontinuingoperationsperdilutedshare": 1.51,
        "earningspersharediluted": 1.51,
        "commonstockdividendspersharecashpaid": 0.485,
        "dilutedweightedaveragesharesoutstanding": 769100000
    },
    {
        "date": "2013-06-29",
        "symbol": "BA",
        "period": "Q2",
        "netincomeloss": 1088000000,
        "othercomprehensiveincomelossforeigncurrencytransactionandtranslationadjustmentnetoftax": -65000000,
        "othercomprehensiveincomeunrealizedgainlossonderivativesarisingduringperiodnetoftax": 24000000,
        "othercomprehensiveincomelossreclassificationadjustmentonderivativesincludedinnetincomenetoftax": 11000000,
        "othercomprehensiveincomelossderivativesqualifyingashedgesnetoftax": -68000000,
        "othercomprehensiveincomelossamortizationpensionandotherpostretirementbenefitplansnetpriorservicecostrecognizedinnetperiodicpensioncostnetoftax": -2000000,
        "othercomprehensiveincomedefinedbenefitplansnetunamortizedgainlossarisingduringperiodnetoftax": 0,
        "othercomprehensiveincomereclassificationofdefinedbenefitplansnetgainlossrecognizedinnetperiodicbenefitcostnetoftax": 377000000,
        "othercomprehensiveincomesettlementsandcurtailmentsincludedinnetincomenetoftax": 0,
        "pensionandpostretirementbenefitsrelatedtoequitymethodinvestmentsnetoftax": -1000000,
        "othercomprehensiveincomelosspensionandotherpostretirementbenefitplansadjustmentnetoftax": -380000000,
        "othercomprehensiveincomelossnetoftaxportionattributabletoparent": 247000000,
        "netincomelossattributabletononcontrollinginterest": -19000000,
        "comprehensiveincomenetoftaxincludingportionattributabletononcontrollinginterest": 1354000000,
        "othercomprehensiveincomeunrealizedgainlossonderivativesarisingduringperiodtax": -36000000,
        "othercomprehensiveincomelossreclassificationadjustmentonderivativesincludedinnetincometax": -4000000,
        "othercomprehensiveincomeamortizationofdefinedbenefitplannetpriorservicecostrecognizedinnetperiodicpensioncosttax": -2000000,
        "othercomprehensiveincomedefinedbenefitplansnetunamortizedgainlossarisingduringperiodtax": 0,
        "othercomprehensiveincomelossreclassificationpensionandotherpostretirementbenefitplansnetgainlossrecognizedinnetperiodicbenefitcosttax": 216000000,
        "othercomprehensiveincomesettlementsandcurtailmentsincludedinnetincometax": 0,
        "pensionandpostretirementbenefitsrelatedtoourequitymethodinvestmentstax": 0,
        "salesrevenuegoodsnet": 19238000000,
        "salesrevenueservicesnet": 2577000000,
        "revenues": -8275000000,
        "costofgoodssold": 16437000000,
        "costofservices": 1995000000,
        "financialservicescosts": 18000000,
        "costofrevenue": 18450000000,
        "grossprofit": 3365000000,
        "incomelossfromequitymethodinvestments": 43000000,
        "generalandadministrativeexpense": 929000000,
        "researchanddevelopmentexpense": 763000000,
        "gainlossondispositionofassets": 0,
        "operatingincomeloss": -18000000,
        "othernonoperatingincomeexpense": 13000000,
        "interestanddebtexpense": 96000000,
        "incomelossfromcontinuingoperationsbeforeincometaxesextraordinaryitemsnoncontrollinginterest": 1633000000,
        "incometaxexpensebenefit": 546000000,
        "incomelossfromcontinuingoperations": 1087000000,
        "incomelossfromcontinuingoperationsperbasicshare": 1.43,
        "earningspersharebasic": 1.43,
        "incomelossfromcontinuingoperationsperdilutedshare": 1.4100000000000001,
        "earningspersharediluted": 1.4100000000000001,
        "commonstockdividendspersharecashpaid": 0.48,
        "dilutedweightedaveragesharesoutstanding": 1400000
    },
    {
        "date": "2013-03-30",
        "symbol": "BA",
        "period": "Q1",
        "netincomeloss": 1106000000,
        "othercomprehensiveincomelossforeigncurrencytransactionandtranslationadjustmentnetoftax": -23000000,
        "othercomprehensiveincomeunrealizedgainlossonderivativesarisingduringperiodnetoftax": -26000000,
        "othercomprehensiveincomelossreclassificationadjustmentonderivativesincludedinnetincomenetoftax": 3000000,
        "othercomprehensiveincomelossderivativesqualifyingashedgesnetoftax": -24000000,
        "othercomprehensiveincomelossamortizationpensionandotherpostretirementbenefitplansnetpriorservicecostrecognizedinnetperiodicpensioncostnetoftax": -3000000,
        "othercomprehensiveincomedefinedbenefitplansnetunamortizedgainlossarisingduringperiodnetoftax": 30000000,
        "othercomprehensiveincomereclassificationofdefinedbenefitplansnetgainlossrecognizedinnetperiodicbenefitcostnetoftax": 378000000,
        "othercomprehensiveincomesettlementsandcurtailmentsincludedinnetincomenetoftax": -9000000,
        "pensionandpostretirementbenefitsrelatedtoequitymethodinvestmentsnetoftax": -2000000,
        "othercomprehensiveincomelosspensionandotherpostretirementbenefitplansadjustmentnetoftax": -422000000,
        "othercomprehensiveincomelossnetoftaxportionattributabletoparent": 375000000,
        "netincomelossattributabletononcontrollinginterest": -2000000,
        "comprehensiveincomenetoftaxincludingportionattributabletononcontrollinginterest": 1483000000,
        "othercomprehensiveincomeunrealizedgainlossonderivativesarisingduringperiodtax": -15000000,
        "othercomprehensiveincomelossreclassificationadjustmentonderivativesincludedinnetincometax": 1000000,
        "othercomprehensiveincomeamortizationofdefinedbenefitplannetpriorservicecostrecognizedinnetperiodicpensioncosttax": -1000000,
        "othercomprehensiveincomedefinedbenefitplansnetunamortizedgainlossarisingduringperiodtax": 16000000,
        "othercomprehensiveincomelossreclassificationpensionandotherpostretirementbenefitplansnetgainlossrecognizedinnetperiodicbenefitcosttax": 215000000,
        "othercomprehensiveincomesettlementsandcurtailmentsincludedinnetincometax": -5000000,
        "pensionandpostretirementbenefitsrelatedtoourequitymethodinvestmentstax": -1000000,
        "salesrevenuegoodsnet": 16318000000,
        "salesrevenueservicesnet": 2575000000,
        "revenues": 8110000000,
        "costofgoodssold": 13728000000,
        "costofservices": 2009000000,
        "financialservicescosts": 19000000,
        "costofrevenue": 15756000000,
        "grossprofit": 3137000000,
        "incomelossfromequitymethodinvestments": 45000000,
        "generalandadministrativeexpense": 971000000,
        "researchanddevelopmentexpense": 705000000,
        "gainlossondispositionofassets": 22000000,
        "operatingincomeloss": -12000000,
        "othernonoperatingincomeexpense": 9000000,
        "interestanddebtexpense": 99000000,
        "incomelossfromcontinuingoperationsbeforeincometaxesextraordinaryitemsnoncontrollinginterest": 1438000000,
        "incometaxexpensebenefit": 332000000,
        "incomelossfromcontinuingoperations": 1106000000,
        "incomelossfromcontinuingoperationsperbasicshare": 1.45,
        "earningspersharebasic": 1.45,
        "incomelossfromcontinuingoperationsperdilutedshare": 1.44,
        "earningspersharediluted": 1.44,
        "commonstockdividendspersharecashpaid": 0.49,
        "dilutedweightedaveragesharesoutstanding": 768700000
    },
    {
        "date": "2012-09-29",
        "symbol": "BA",
        "period": "Q3",
        "salesrevenuegoodsnet": 17415000000,
        "salesrevenueservicesnet": 2593000000,
        "revenues": -145000000,
        "costofgoodssold": 14683000000,
        "costofservices": 2089000000,
        "financialservicescosts": 22000000,
        "costofrevenue": 16794000000,
        "grossprofit": 3214000000,
        "incomelossfromequitymethodinvestments": 120000000,
        "generalandadministrativeexpense": 916000000,
        "researchanddevelopmentexpense": 534000000,
        "gainlossondispositionofassets": -1000000,
        "operatingincomeloss": 33000000,
        "othernonoperatingincomeexpense": 17000000,
        "interestanddebtexpense": 115000000,
        "incomelossfromcontinuingoperationsbeforeincometaxesextraordinaryitemsnoncontrollinginterest": 1466000000,
        "incometaxexpensebenefit": 432000000,
        "incomelossfromcontinuingoperations": 1034000000,
        "discontinuedoperationgainlossondisposalofdiscontinuedoperationnetoftax": -2000000,
        "netincomeloss": 1032000000,
        "incomelossfromcontinuingoperationsperbasicshare": 1.36,
        "earningspersharebasic": 1.36,
        "incomelossfromcontinuingoperationsperdilutedshare": 1.35,
        "earningspersharediluted": 1.35,
        "commonstockdividendspersharecashpaid": 0.44,
        "weightedaveragenumberofdilutedsharesoutstanding": 765200000,
        "comprehensiveincomenetoftax": 1590000000,
        "discontinuedoperationtaxeffectofincomelossfromdisposalofdiscontinuedoperation": 1000000
    },
    {
        "date": "2012-06-29",
        "symbol": "BA",
        "period": "Q2",
        "salesrevenuegoodsnet": 17341000000,
        "salesrevenueservicesnet": 2664000000,
        "revenues": 6643000000,
        "costofgoodssold": 14759000000,
        "costofservices": 1962000000,
        "financialservicescosts": 19000000,
        "costofrevenue": 16740000000,
        "grossprofit": 3265000000,
        "incomelossfromequitymethodinvestments": 45000000,
        "generalandadministrativeexpense": 903000000,
        "researchanddevelopmentexpense": -53000000,
        "operatingincomeloss": -4000000,
        "othernonoperatingincomeexpense": 10000000,
        "interestanddebtexpense": 112000000,
        "incomelossfromcontinuingoperationsbeforeincometaxesextraordinaryitemsnoncontrollinginterest": 1446000000,
        "incometaxexpensebenefit": 479000000,
        "incomelossfromcontinuingoperations": 967000000,
        "discontinuedoperationgainlossondisposalofdiscontinuedoperationnetoftax": 0,
        "netincomeloss": 967000000,
        "incomelossfromcontinuingoperationsperbasicshare": 1.2799999999999998,
        "earningspersharebasic": 1.2799999999999998,
        "incomelossfromcontinuingoperationsperdilutedshare": 1.2700000000000002,
        "earningspersharediluted": 1.2700000000000002,
        "commonstockdividendspersharecashpaid": 0.44,
        "weightedaveragenumberofdilutedsharesoutstanding": 1100000,
        "comprehensiveincomenetoftax": 1246000000,
        "discontinuedoperationtaxeffectofincomelossfromdisposalofdiscontinuedoperation": 0
    },
    {
        "date": "2012-03-30",
        "symbol": "BA",
        "period": "Q1",
        "salesrevenuegoodsnet": 16685000000,
        "salesrevenueservicesnet": 2698000000,
        "revenues": 1795000000,
        "costofgoodssold": 13661000000,
        "costofservices": 2380000000,
        "financialservicescosts": 28000000,
        "costofrevenue": 16069000000,
        "grossprofit": 3314000000,
        "incomelossfromequitymethodinvestments": 46000000,
        "generalandadministrativeexpense": 955000000,
        "researchanddevelopmentexpense": 107000000,
        "operatingincomeloss": 73000000,
        "othernonoperatingincomeexpense": 12000000,
        "interestanddebtexpense": 119000000,
        "incomelossfromcontinuingoperationsbeforeincometaxesextraordinaryitemsnoncontrollinginterest": 1463000000,
        "incometaxexpensebenefit": 539000000,
        "incomelossfromcontinuingoperations": 924000000,
        "discontinuedoperationgainlossondisposalofdiscontinuedoperationnetoftax": -1000000,
        "netincomeloss": 923000000,
        "incomelossfromcontinuingoperationsperbasicshare": 1.23,
        "earningspersharebasic": 1.23,
        "incomelossfromcontinuingoperationsperdilutedshare": 1.22,
        "earningspersharediluted": 1.22,
        "commonstockdividendspersharecashpaid": 0.44,
        "weightedaveragenumberofdilutedsharesoutstanding": 759600000,
        "comprehensiveincomenetoftax": 1329000000,
        "discontinuedoperationtaxeffectofincomelossfromdisposalofdiscontinuedoperation": 1000000
    },
    {
        "date": "2011-09-29",
        "symbol": "BA",
        "period": "Q3",
        "salesrevenuegoodsnet": 14907000000,
        "salesrevenueservicesnet": 2820000000,
        "revenues": 2276000000,
        "costofgoodssold": 12006000000,
        "costofservices": 2319000000,
        "financialservicescosts": 32000000,
        "costofrevenue": 14357000000,
        "grossprofit": 3370000000,
        "incomelossfromequitymethodinvestments": 52000000,
        "generalandadministrativeexpense": 807000000,
        "researchanddevelopmentexpense": 109000000,
        "operatingincomeloss": 179000000,
        "othernonoperatingincomeexpense": 49000000,
        "interestanddebtexpense": 121000000,
        "incomelossfromcontinuingoperationsbeforeincometaxesextraordinaryitemsnoncontrollinginterest": 1642000000,
        "incometaxexpensebenefit": 548000000,
        "incomelossfromcontinuingoperations": 1094000000,
        "discontinuedoperationgainlossondisposalofdiscontinuedoperationnetoftax": 4000000,
        "netincomeloss": 1098000000,
        "incomelossfromcontinuingoperationsperbasicshare": 1.47,
        "earningspersharebasic": 1.47,
        "incomelossfromcontinuingoperationsperdilutedshare": 1.46,
        "earningspersharediluted": 1.46,
        "commonstockdividendspersharecashpaid": 0.42,
        "weightedaveragenumberofdilutedsharesoutstanding": 753900000,
        "discontinuedoperationtaxeffectofincomelossfromdisposalofdiscontinuedoperation": -2000000
    },
    {
        "date": "2011-06-29",
        "symbol": "BA",
        "period": "Q2",
        "salesrevenuegoodsnet": 13640000000,
        "salesrevenueservicesnet": 2903000000,
        "revenues": 2081000000,
        "costofgoodssold": 10823000000,
        "costofservices": 2348000000,
        "costofrevenue": 13200000000,
        "grossprofit": 3343000000,
        "incomelossfromequitymethodinvestments": 88000000,
        "generalandadministrativeexpense": 870000000,
        "researchanddevelopmentexpense": 107000000,
        "operatingincomeloss": 198000000,
        "othernonoperatingincomeexpense": 14000000,
        "interestanddebtexpense": 123000000,
        "incometaxexpensebenefit": 483000000,
        "incomelossfromcontinuingoperations": 942000000,
        "discontinuedoperationgainlossondisposalofdiscontinuedoperationnetoftax": -1000000,
        "netincomeloss": 941000000,
        "incomelossfromcontinuingoperationsperbasicshare": 1.27,
        "earningspersharebasic": 1.27,
        "incomelossfromcontinuingoperationsperdilutedshare": 1.26,
        "earningspersharediluted": 1.26,
        "commonstockdividendspersharecashpaid": 0.42,
        "weightedaveragenumberofdilutedsharesoutstanding": 1800000,
        "discontinuedoperationtaxeffectofincomelossfromdisposalofdiscontinuedoperation": 0
    },
    {
        "date": "2011-03-30",
        "symbol": "BA",
        "period": "Q1",
        "salesrevenuegoodsnet": 11894000000,
        "salesrevenueservicesnet": 3016000000,
        "revenues": 2349000000,
        "costofgoodssold": 9506000000,
        "costofservices": 2510000000,
        "financinginterestexpense": 33000000,
        "costofrevenue": 12049000000,
        "grossprofit": 2861000000,
        "incomelossfromequitymethodinvestments": 62000000,
        "generalandadministrativeexpense": 866000000,
        "researchanddevelopmentexpense": 104000000,
        "operatingincomeloss": 143000000,
        "othernonoperatingincomeexpense": 13000000,
        "interestanddebtexpense": 130000000,
        "incomelossfromcontinuingoperationsbeforeincometaxesminorityinterestandincomelossfromequitymethodinvestments": 883000000,
        "incometaxexpensebenefit": 295000000,
        "incomelossfromcontinuingoperations": 588000000,
        "discontinuedoperationgainlossondisposalofdiscontinuedoperationnetoftax": -2000000,
        "netincomeloss": 586000000,
        "incomelossfromcontinuingoperationsperbasicshare": 0.79,
        "earningspersharebasic": 0.79,
        "incomelossfromcontinuingoperationsperdilutedshare": 0.78,
        "earningspersharediluted": 0.78,
        "commonstockdividendspersharecashpaid": 0.42,
        "weightedaveragenumberofdilutedsharesoutstanding": 749000000,
        "discontinuedoperationtaxeffectofincomelossfromdisposalofdiscontinuedoperation": 1000000
    },
    {
        "date": "2010-09-29",
        "symbol": "BA",
        "period": "Q3",
        "salesrevenuegoodsnet": 14077000000,
        "salesrevenueservicesnet": 2890000000,
        "revenues": -10244000000,
        "costofgoodssold": 11232000000,
        "costofservices": 2472000000,
        "financinginterestexpense": 42000000,
        "costofrevenue": 13746000000,
        "grossprofit": 3221000000,
        "incomelossfromequitymethodinvestments": 74000000,
        "generalandadministrativeexpense": 936000000,
        "researchanddevelopmentexpense": -708000000,
        "gainlossondispositionofassets": 14000000,
        "operatingincomeloss": -869000000,
        "othernonoperatingincomeexpense": -13000000,
        "interestanddebtexpense": 130000000,
        "incomelossfromcontinuingoperationsbeforeincometaxesminorityinterestandincomelossfromequitymethodinvestments": 1244000000,
        "incometaxexpensebenefit": 407000000,
        "incomelossfromcontinuingoperations": 837000000,
        "netincomeloss": 837000000,
        "incomelossfromcontinuingoperationsperbasicshare": 1.1300000000000001,
        "earningspersharebasic": 1.1300000000000001,
        "incomelossfromcontinuingoperationsperdilutedshare": 1.1300000000000001,
        "earningspersharediluted": 1.1300000000000001,
        "commonstockdividendspersharecashpaid": 0.4200000000000001,
        "weightedaveragenumberofdilutedsharesoutstanding": -740000000
    },
    {
        "date": "2010-06-29",
        "symbol": "BA",
        "period": "Q2",
        "salesrevenuegoodsnet": 12624000000,
        "salesrevenueservicesnet": 2949000000,
        "revenues": 2049000000,
        "costofgoodssold": 10115000000,
        "costofservices": 2384000000,
        "financinginterestexpense": 41000000,
        "costofrevenue": 12540000000,
        "grossprofit": 3033000000,
        "incomelossfromequitymethodinvestments": 54000000,
        "generalandadministrativeexpense": 778000000,
        "researchanddevelopmentexpense": 35000000,
        "gainlossondispositionofassets": -1000000,
        "operatingincomeloss": 188000000,
        "othernonoperatingincomeexpense": 35000000,
        "interestanddebtexpense": 132000000,
        "incomelossfromcontinuingoperationsbeforeincometaxesminorityinterestandincomelossfromequitymethodinvestments": 1210000000,
        "incometaxexpensebenefit": 421000000,
        "incomelossfromcontinuingoperations": 789000000,
        "discontinuedoperationgainlossondisposalofdiscontinuedoperationnetoftax": -2000000,
        "netincomeloss": 787000000,
        "incomelossfromcontinuingoperationsperbasicshare": 1.07,
        "earningspersharebasic": 1.07,
        "incomelossfromcontinuingoperationsperdilutedshare": 1.06,
        "earningspersharediluted": 1.06,
        "commonstockdividendspersharecashpaid": 0.42,
        "weightedaveragenumberofdilutedsharesoutstanding": 742900000,
        "discontinuedoperationtaxeffectofincomelossfromdisposalofdiscontinuedoperation": 1000000
    },
    {
        "date": "2010-03-30",
        "symbol": "BA",
        "period": "Q1",
        "salesrevenuegoodsnet": 12316000000,
        "salesrevenueservicesnet": 2900000000,
        "revenues": 15216000000,
        "costofgoodssold": 9822000000,
        "costofservices": 2281000000,
        "financinginterestexpense": 41000000,
        "costofrevenue": 12144000000,
        "grossprofit": 3072000000,
        "incomelossfromequitymethodinvestments": 59000000,
        "generalandadministrativeexpense": 953000000,
        "researchanddevelopmentexpense": 1000000000,
        "gainlossondispositionofassets": -4000000,
        "operatingincomeloss": 1174000000,
        "othernonoperatingincomeexpense": -2000000,
        "interestanddebtexpense": 122000000,
        "incomelossfromcontinuingoperationsbeforeincometaxesminorityinterestandincomelossfromequitymethodinvestments": 1050000000,
        "incometaxexpensebenefit": 531000000,
        "incomelossfromcontinuingoperations": 519000000,
        "netincomeloss": 519000000,
        "incomelossfromcontinuingoperationsperbasicshare": 0.71,
        "earningspersharebasic": 0.71,
        "incomelossfromcontinuingoperationsperdilutedshare": 0.7,
        "earningspersharediluted": 0.7,
        "commonstockdividendspersharecashpaid": 0.42,
        "weightedaveragenumberofdilutedsharesoutstanding": 740100000
    },
    {
        "date": "2009-09-29",
        "symbol": "BA",
        "period": "Q3",
        "salesrevenuegoodsnet": 13967000000,
        "salesrevenueservicesnet": 2721000000,
        "revenues": 16688000000,
        "costofgoodssold": 12273000000,
        "costofservices": 2165000000,
        "financinginterestexpense": 42000000,
        "costofrevenue": 14480000000,
        "grossprofit": 2208000000,
        "incomelossfromequitymethodinvestments": 84000000,
        "generalandadministrativeexpense": 868000000,
        "researchanddevelopmentexpense": 3574000000,
        "gainlossondispositionofassets": -1000000,
        "operatingincomeloss": -2151000000,
        "othernonoperatingincomeexpense": -4000000,
        "interestanddebtexpense": 92000000,
        "incomelossfromcontinuingoperationsbeforeincometaxesminorityinterestandincomelossfromequitymethodinvestments": -2247000000,
        "incometaxexpensebenefit": -687000000,
        "incomelossfromcontinuingoperations": -1560000000,
        "discontinuedoperationgainlossondisposalofdiscontinuedoperationnetoftax": -4000000,
        "netincomeloss": -1564000000,
        "incomelossfromcontinuingoperationsperbasicshare": -2.22,
        "incomelossfromdiscontinuedoperationsnetoftaxperbasicshare": -0.01,
        "earningspersharebasic": -2.23,
        "incomelossfromcontinuingoperationsperdilutedshare": -2.22,
        "incomelossfromdiscontinuedoperationsnetoftaxperdilutedshare": -0.01,
        "earningspersharediluted": -2.23,
        "commonstockdividendspersharecashpaid": 0.42,
        "weightedaveragenumberofdilutedsharesoutstanding": 701300000,
        "discontinuedoperationtaxeffectofincomelossfromdisposalofdiscontinuedoperation": 2000000
    }
]