[
    {
        "date": "2024-11-29",
        "symbol": "ORCL",
        "period": "Q2",
        "cloudservicesandlicensesupportrevenue": 10806000000,
        "cloudlicenseandonpremiselicenserevenue": 1195000000,
        "hardwarerevenues": 728000000,
        "salesrevenueservicesnet1": 1330000000,
        "revenuefromcontractwithcustomerexcludingassessedtax": 10806000000,
        "cloudservicesandlicensesupportexpenses": 2555000000,
        "hardwareexpenses": 172000000,
        "servicesexpense": 1167000000,
        "sellingandmarketingexpense": 69000000,
        "researchanddevelopmentexpense": 2471000000,
        "generalandadministrativeexpense": 387000000,
        "amortizationofintangibleassets": 591000000,
        "businesscombinationacquisitionrelatedcosts": 31000000,
        "restructuringcharges": 84000000,
        "costsandexpenses": 9839000000,
        "operatingincomeloss": 8306000000,
        "interestexpense": 866000000,
        "nonoperatingincomeexpenseincludingeliminationofnetincomelossattributabletononcontrollinginterests": 36000000,
        "incomelossfromcontinuingoperationsincludingnoncontrollinginterestbeforeincometaxesextraordinaryitems": 3390000000,
        "incometaxexpensebenefit": 239000000,
        "netincomeloss": 3151000000,
        "earningspersharebasic": 1.13,
        "earningspersharediluted": 1.1,
        "weightedaveragenumberofsharesoutstandingbasic": 2790000000,
        "weightedaveragenumberofdilutedsharesoutstanding": 2869000000,
        "othercomprehensiveincomeforeigncurrencytransactionandtranslationadjustmentnetoftaxportionattributabletoparent": -217000000,
        "othercomprehensiveincomelosscashflowhedgegainlossafterreclassificationandtaxparent": 28000000,
        "othercomprehensiveincomeothernetoftax": -2000000,
        "othercomprehensiveincomelossnetoftaxportionattributabletoparent": -191000000,
        "comprehensiveincomenetoftax": 2960000000
    },
    {
        "date": "2024-08-30",
        "symbol": "ORCL",
        "period": "Q1",
        "cloudservicesandlicensesupportrevenue": 10519000000,
        "cloudlicenseandonpremiselicenserevenue": 870000000,
        "hardwarerevenues": 655000000,
        "salesrevenueservicesnet1": 1263000000,
        "revenuefromcontractwithcustomerexcludingassessedtax": 10519000000,
        "cloudservicesandlicensesupportexpenses": 2422000000,
        "hardwareexpenses": 162000000,
        "servicesexpense": 1147000000,
        "sellingandmarketingexpense": 65000000,
        "researchanddevelopmentexpense": 2306000000,
        "generalandadministrativeexpense": 358000000,
        "amortizationofintangibleassets": 624000000,
        "businesscombinationacquisitionrelatedcosts": 13000000,
        "restructuringcharges": 73000000,
        "costsandexpenses": 9316000000,
        "operatingincomeloss": 7831000000,
        "interestexpense": 842000000,
        "nonoperatingincomeexpenseincludingeliminationofnetincomelossattributabletononcontrollinginterests": 20000000,
        "incomelossfromcontinuingoperationsincludingnoncontrollinginterestbeforeincometaxesextraordinaryitems": 3169000000,
        "incometaxexpensebenefit": 240000000,
        "netincomeloss": 2929000000,
        "earningspersharebasic": 1.06,
        "earningspersharediluted": 1.03,
        "weightedaveragenumberofsharesoutstandingbasic": 2761000000,
        "weightedaveragenumberofdilutedsharesoutstanding": 2851000000,
        "othercomprehensiveincomeforeigncurrencytransactionandtranslationadjustmentnetoftaxportionattributabletoparent": 220000000,
        "othercomprehensiveincomelosscashflowhedgegainlossafterreclassificationandtaxparent": -116000000,
        "othercomprehensiveincomelossnetoftaxportionattributabletoparent": 104000000,
        "comprehensiveincomenetoftax": 3033000000
    },
    {
        "date": "2024-05-30",
        "symbol": "ORCL",
        "period": "Q4",
        "cloudservicesandlicensesupportrevenue": 10234000000,
        "cloudlicenseandonpremiselicenserevenue": 1838000000,
        "hardwarerevenues": 842000000,
        "salesrevenueservicesnet1": 1373000000,
        "revenuefromcontractwithcustomerexcludingassessedtax": 14287000000,
        "cloudservicesandlicensesupportexpenses": 2522000000,
        "hardwareexpenses": 242000000,
        "servicesexpense": 1160000000,
        "sellingandmarketingexpense": 2113000000,
        "researchanddevelopmentexpense": 2225000000,
        "generalandadministrativeexpense": 403000000,
        "amortizationofintangibleassets": 743000000,
        "businesscombinationacquisitionrelatedcosts": 101000000,
        "restructuringcharges": 93000000,
        "costsandexpenses": 9602000000,
        "operatingincomeloss": 4685000000,
        "interestexpense": 878000000,
        "nonoperatingincomeexpenseincludingeliminationofnetincomelossattributabletononcontrollinginterests": -26000000,
        "incomelossfromcontinuingoperationsincludingnoncontrollinginterestbeforeincometaxesextraordinaryitems": 3781000000,
        "incometaxexpensebenefit": 638000000,
        "netincomeloss": 3143000000,
        "earningspersharebasic": 1.1499999999999995,
        "earningspersharediluted": 1.1099999999999999,
        "weightedaveragenumberofsharesoutstandingbasic": 2744000000,
        "weightedaveragenumberofdilutedsharesoutstanding": 2823000000,
        "othercomprehensiveincomeforeigncurrencytransactionandtranslationadjustmentnetoftaxportionattributabletoparent": -24000000,
        "othercomprehensiveincomelosscashflowhedgegainlossafterreclassificationandtaxparent": 25000000,
        "othercomprehensiveincomeothernetoftax": 2000000,
        "othercomprehensiveincomelossnetoftaxportionattributabletoparent": 34000000,
        "comprehensiveincomenetoftax": 3177000000
    },
    {
        "date": "2024-02-28",
        "symbol": "ORCL",
        "period": "Q3",
        "cloudservicesandlicensesupportrevenue": 9963000000,
        "cloudlicenseandonpremiselicenserevenue": 1256000000,
        "hardwarerevenues": 754000000,
        "salesrevenueservicesnet1": 1307000000,
        "revenuefromcontractwithcustomerexcludingassessedtax": 13280000000,
        "cloudservicesandlicensesupportexpenses": 2452000000,
        "hardwareexpenses": 217000000,
        "servicesexpense": 1200000000,
        "sellingandmarketingexpense": 2042000000,
        "researchanddevelopmentexpense": 2248000000,
        "generalandadministrativeexpense": 377000000,
        "amortizationofintangibleassets": 749000000,
        "businesscombinationacquisitionrelatedcosts": 155000000,
        "restructuringcharges": 90000000,
        "costsandexpenses": 9530000000,
        "operatingincomeloss": 3750000000,
        "interestexpense": 876000000,
        "nonoperatingincomeexpenseincludingeliminationofnetincomelossattributabletononcontrollinginterests": -9000000,
        "incomelossfromcontinuingoperationsincludingnoncontrollinginterestbeforeincometaxesextraordinaryitems": 2865000000,
        "incometaxexpensebenefit": 464000000,
        "netincomeloss": 2401000000,
        "earningspersharebasic": 0.87,
        "earningspersharediluted": 0.85,
        "weightedaveragenumberofsharesoutstandingbasic": 2748000000,
        "weightedaveragenumberofdilutedsharesoutstanding": 2819000000,
        "othercomprehensiveincomeforeigncurrencytransactionandtranslationadjustmentnetoftaxportionattributabletoparent": -35000000,
        "othercomprehensiveincomelosscashflowhedgegainlossafterreclassificationandtaxparent": -3000000,
        "othercomprehensiveincomeothernetoftax": -1000000,
        "othercomprehensiveincomelossnetoftaxportionattributabletoparent": -39000000,
        "comprehensiveincomenetoftax": 2362000000
    },
    {
        "date": "2023-11-29",
        "symbol": "ORCL",
        "period": "Q2",
        "cloudservicesandlicensesupportrevenue": 9639000000,
        "cloudlicenseandonpremiselicenserevenue": 1178000000,
        "hardwarerevenues": 756000000,
        "salesrevenueservicesnet1": 1368000000,
        "revenuefromcontractwithcustomerexcludingassessedtax": 12941000000,
        "cloudservicesandlicensesupportexpenses": 2274000000,
        "hardwareexpenses": 213000000,
        "servicesexpense": 1253000000,
        "sellingandmarketingexpense": 2093000000,
        "researchanddevelopmentexpense": 2226000000,
        "generalandadministrativeexpense": 375000000,
        "amortizationofintangibleassets": 755000000,
        "businesscombinationacquisitionrelatedcosts": 47000000,
        "restructuringcharges": 83000000,
        "costsandexpenses": 9319000000,
        "operatingincomeloss": 3622000000,
        "interestexpense": 888000000,
        "nonoperatingincomeexpenseincludingeliminationofnetincomelossattributabletononcontrollinginterests": -14000000,
        "incomelossfromcontinuingoperationsincludingnoncontrollinginterestbeforeincometaxesextraordinaryitems": 2720000000,
        "incometaxexpensebenefit": 217000000,
        "netincomeloss": 2503000000,
        "earningspersharebasic": 0.91,
        "earningspersharediluted": 0.89,
        "weightedaveragenumberofsharesoutstandingbasic": 2746000000,
        "weightedaveragenumberofdilutedsharesoutstanding": 2817000000,
        "othercomprehensiveincomeforeigncurrencytransactionandtranslationadjustmentnetoftaxportionattributabletoparent": 86000000,
        "othercomprehensiveincomelosscashflowhedgegainlossafterreclassificationandtaxparent": -17000000,
        "othercomprehensiveincomeothernetoftax": 1000000,
        "othercomprehensiveincomelossnetoftaxportionattributabletoparent": 70000000,
        "comprehensiveincomenetoftax": 2573000000
    },
    {
        "date": "2023-08-30",
        "symbol": "ORCL",
        "period": "Q1",
        "cloudservicesandlicensesupportrevenue": 9547000000,
        "cloudlicenseandonpremiselicenserevenue": 809000000,
        "hardwarerevenues": 714000000,
        "salesrevenueservicesnet1": 1383000000,
        "revenuefromcontractwithcustomerexcludingassessedtax": 12453000000,
        "cloudservicesandlicensesupportexpenses": 2179000000,
        "hardwareexpenses": 219000000,
        "servicesexpense": 1212000000,
        "sellingandmarketingexpense": 2026000000,
        "researchanddevelopmentexpense": 2216000000,
        "generalandadministrativeexpense": 393000000,
        "amortizationofintangibleassets": 763000000,
        "businesscombinationacquisitionrelatedcosts": 11000000,
        "restructuringcharges": 138000000,
        "costsandexpenses": 9157000000,
        "operatingincomeloss": 3296000000,
        "interestexpense": 872000000,
        "nonoperatingincomeexpenseincludingeliminationofnetincomelossattributabletononcontrollinginterests": -49000000,
        "incomelossfromcontinuingoperationsincludingnoncontrollinginterestbeforeincometaxesextraordinaryitems": 2375000000,
        "incometaxexpensebenefit": -45000000,
        "netincomeloss": 2420000000,
        "earningspersharebasic": 0.89,
        "earningspersharediluted": 0.86,
        "weightedaveragenumberofsharesoutstandingbasic": 2728000000,
        "weightedaveragenumberofdilutedsharesoutstanding": 2823000000,
        "othercomprehensiveincomeforeigncurrencytransactionandtranslationadjustmentnetoftaxportionattributabletoparent": -44000000,
        "othercomprehensiveincomelosscashflowhedgegainlossafterreclassificationandtaxparent": 72000000,
        "othercomprehensiveincomeothernetoftax": -3000000,
        "othercomprehensiveincomelossnetoftaxportionattributabletoparent": 25000000,
        "comprehensiveincomenetoftax": 2445000000
    },
    {
        "date": "2023-02-27",
        "symbol": "ORCL",
        "period": "Q3",
        "cloudservicesandlicensesupportrevenue": 8923000000,
        "cloudlicenseandonpremiselicenserevenue": 1288000000,
        "hardwarerevenues": 811000000,
        "salesrevenueservicesnet1": 1376000000,
        "revenuefromcontractwithcustomerexcludingassessedtax": 12398000000,
        "cloudservicesandlicensesupportexpenses": 1980000000,
        "hardwareexpenses": 244000000,
        "servicesexpense": 1215000000,
        "sellingandmarketingexpense": 2150000000,
        "researchanddevelopmentexpense": 2146000000,
        "generalandadministrativeexpense": 402000000,
        "amortizationofintangibleassets": 886000000,
        "businesscombinationacquisitionrelatedcosts": 37000000,
        "restructuringcharges": 78000000,
        "costsandexpenses": 9138000000,
        "operatingincomeloss": 3260000000,
        "interestexpense": 908000000,
        "nonoperatingincomeexpenseincludingeliminationofnetincomelossattributabletononcontrollinginterests": -134000000,
        "incomelossfromcontinuingoperationsincludingnoncontrollinginterestbeforeincometaxesextraordinaryitems": 2218000000,
        "incometaxexpensebenefit": 322000000,
        "netincomeloss": 1896000000,
        "earningspersharebasic": 0.7,
        "earningspersharediluted": 0.68,
        "weightedaveragenumberofsharesoutstandingbasic": 2698000000,
        "weightedaveragenumberofdilutedsharesoutstanding": 2776000000,
        "othercomprehensiveincomeforeigncurrencytransactionandtranslationadjustmentnetoftaxportionattributabletoparent": 11000000,
        "othercomprehensiveincomelosscashflowhedgegainlossafterreclassificationandtaxparent": 71000000,
        "othercomprehensiveincomeothernetoftax": 1000000,
        "othercomprehensiveincomelossnetoftaxportionattributabletoparent": 83000000,
        "comprehensiveincomenetoftax": 1979000000
    },
    {
        "date": "2022-11-29",
        "symbol": "ORCL",
        "period": "Q2",
        "cloudservicesandlicensesupportrevenue": 8598000000,
        "cloudlicenseandonpremiselicenserevenue": 1435000000,
        "hardwarerevenues": 850000000,
        "salesrevenueservicesnet1": 1392000000,
        "revenuefromcontractwithcustomerexcludingassessedtax": 12275000000,
        "cloudservicesandlicensesupportexpenses": 1891000000,
        "hardwareexpenses": 287000000,
        "servicesexpense": 1180000000,
        "sellingandmarketingexpense": 2216000000,
        "researchanddevelopmentexpense": 2158000000,
        "generalandadministrativeexpense": 366000000,
        "amortizationofintangibleassets": 907000000,
        "businesscombinationacquisitionrelatedcosts": 62000000,
        "restructuringcharges": 137000000,
        "costsandexpenses": 9204000000,
        "operatingincomeloss": 3071000000,
        "interestexpense": 856000000,
        "nonoperatingincomeexpenseincludingeliminationofnetincomelossattributabletononcontrollinginterests": -71000000,
        "incomelossfromcontinuingoperationsincludingnoncontrollinginterestbeforeincometaxesextraordinaryitems": 2144000000,
        "incometaxexpensebenefit": 403000000,
        "netincomeloss": 1741000000,
        "earningspersharebasic": 0.64,
        "earningspersharediluted": 0.6399999999999999,
        "weightedaveragenumberofsharesoutstandingbasic": 5000000,
        "weightedaveragenumberofdilutedsharesoutstanding": 0,
        "othercomprehensiveincomeforeigncurrencytransactionandtranslationadjustmentnetoftaxportionattributabletoparent": 94000000,
        "othercomprehensiveincomedefinedbenefitplansadjustmentnetoftaxportionattributabletoparent": 0,
        "othercomprehensiveincomelosscashflowhedgegainlossafterreclassificationandtaxparent": 93000000,
        "othercomprehensiveincomelossnetoftaxportionattributabletoparent": 187000000,
        "comprehensiveincomenetoftax": 1928000000
    },
    {
        "date": "2022-08-30",
        "symbol": "ORCL",
        "period": "Q1",
        "cloudservicesandlicensesupportrevenue": 8417000000,
        "cloudlicenseandonpremiselicenserevenue": 904000000,
        "hardwarerevenues": 763000000,
        "salesrevenueservicesnet1": 1361000000,
        "revenuefromcontractwithcustomerexcludingassessedtax": 11445000000,
        "cloudservicesandlicensesupportexpenses": 1735000000,
        "hardwareexpenses": 249000000,
        "servicesexpense": 1053000000,
        "sellingandmarketingexpense": 2177000000,
        "researchanddevelopmentexpense": 2093000000,
        "generalandadministrativeexpense": 411000000,
        "amortizationofintangibleassets": 919000000,
        "businesscombinationacquisitionrelatedcosts": 41000000,
        "restructuringcharges": 144000000,
        "costsandexpenses": 8822000000,
        "operatingincomeloss": 2623000000,
        "interestexpense": 787000000,
        "nonoperatingincomeexpenseincludingeliminationofnetincomelossattributabletononcontrollinginterests": -180000000,
        "incomelossfromcontinuingoperationsincludingnoncontrollinginterestbeforeincometaxesextraordinaryitems": 1656000000,
        "incometaxexpensebenefit": 108000000,
        "netincomeloss": 1548000000,
        "earningspersharebasic": 0.58,
        "earningspersharediluted": 0.56,
        "weightedaveragenumberofsharesoutstandingbasic": 2685000000,
        "weightedaveragenumberofdilutedsharesoutstanding": 2747000000,
        "othercomprehensiveincomeforeigncurrencytransactionandtranslationadjustmentnetoftaxportionattributabletoparent": -288000000,
        "othercomprehensiveincomedefinedbenefitplansadjustmentnetoftaxportionattributabletoparent": 1000000,
        "othercomprehensiveincomelosscashflowhedgegainlossafterreclassificationandtaxparent": 17000000,
        "othercomprehensiveincomelossnetoftaxportionattributabletoparent": -272000000,
        "comprehensiveincomenetoftax": 1276000000
    },
    {
        "date": "2022-02-27",
        "symbol": "ORCL",
        "period": "Q3",
        "cloudservicesandlicensesupportrevenue": 7637000000,
        "cloudlicenseandonpremiselicenserevenue": 1289000000,
        "hardwarerevenues": 798000000,
        "salesrevenueservicesnet1": 789000000,
        "revenuefromcontractwithcustomerexcludingassessedtax": 10513000000,
        "cloudservicesandlicensesupportexpenses": 1305000000,
        "hardwareexpenses": 244000000,
        "servicesexpense": 669000000,
        "sellingandmarketingexpense": 2004000000,
        "researchanddevelopmentexpense": 1816000000,
        "generalandadministrativeexpense": 335000000,
        "amortizationofintangibleassets": 279000000,
        "businesscombinationacquisitionrelatedcosts": 20000000,
        "restructuringcharges": 19000000,
        "costsandexpenses": 6691000000,
        "operatingincomeloss": 3822000000,
        "interestexpense": 667000000,
        "nonoperatingincomeexpenseincludingeliminationofnetincomelossattributabletononcontrollinginterests": -315000000,
        "incomelossfromcontinuingoperationsincludingnoncontrollinginterestbeforeincometaxesextraordinaryitems": 2840000000,
        "incometaxexpensebenefit": 521000000,
        "netincomeloss": 2319000000,
        "earningspersharebasic": 0.87,
        "earningspersharediluted": 0.84,
        "weightedaveragenumberofsharesoutstandingbasic": 2670000000,
        "weightedaveragenumberofdilutedsharesoutstanding": 2754000000,
        "othercomprehensiveincomeforeigncurrencytransactionandtranslationadjustmentnetoftaxportionattributabletoparent": -63000000,
        "othercomprehensiveincomedefinedbenefitplansadjustmentnetoftaxportionattributabletoparent": -1000000,
        "othercomprehensiveincomelossnetoftaxportionattributabletoparent": -62000000,
        "comprehensiveincomenetoftax": 2257000000
    },
    {
        "date": "2021-11-29",
        "symbol": "ORCL",
        "period": "Q2",
        "cloudservicesandlicensesupportrevenue": 7554000000,
        "cloudlicenseandonpremiselicenserevenue": 1237000000,
        "hardwarerevenues": 767000000,
        "salesrevenueservicesnet1": 802000000,
        "revenuefromcontractwithcustomerexcludingassessedtax": 10360000000,
        "cloudservicesandlicensesupportexpenses": 1259000000,
        "hardwareexpenses": 229000000,
        "servicesexpense": 671000000,
        "sellingandmarketingexpense": 1954000000,
        "researchanddevelopmentexpense": 1754000000,
        "generalandadministrativeexpense": 319000000,
        "amortizationofintangibleassets": 299000000,
        "businesscombinationacquisitionrelatedcosts": 4667000000,
        "restructuringcharges": 32000000,
        "costsandexpenses": 11184000000,
        "operatingincomeloss": -824000000,
        "interestexpense": 679000000,
        "nonoperatingincomeexpenseincludingeliminationofnetincomelossattributabletononcontrollinginterests": 7000000,
        "incomelossfromcontinuingoperationsincludingnoncontrollinginterestbeforeincometaxesextraordinaryitems": -1496000000,
        "incometaxexpensebenefit": -249000000,
        "netincomeloss": -1247000000,
        "earningspersharebasic": -0.46,
        "earningspersharediluted": -0.46,
        "weightedaveragenumberofsharesoutstandingbasic": 2694000000,
        "weightedaveragenumberofdilutedsharesoutstanding": 2694000000,
        "othercomprehensiveincomeforeigncurrencytransactionandtranslationadjustmentnetoftaxportionattributabletoparent": -222000000,
        "othercomprehensiveincomedefinedbenefitplansadjustmentnetoftaxportionattributabletoparent": -2000000,
        "othercomprehensiveincomelossnetoftaxportionattributabletoparent": -220000000,
        "comprehensiveincomenetoftax": -1467000000
    },
    {
        "date": "2021-08-30",
        "symbol": "ORCL",
        "period": "Q1",
        "cloudservicesandlicensesupportrevenue": 7371000000,
        "cloudlicenseandonpremiselicenserevenue": 813000000,
        "hardwarerevenues": 763000000,
        "salesrevenueservicesnet1": 781000000,
        "revenuefromcontractwithcustomerexcludingassessedtax": 9728000000,
        "cloudservicesandlicensesupportexpenses": 1214000000,
        "hardwareexpenses": 245000000,
        "servicesexpense": 644000000,
        "sellingandmarketingexpense": 1854000000,
        "researchanddevelopmentexpense": 1684000000,
        "generalandadministrativeexpense": 298000000,
        "amortizationofintangibleassets": 303000000,
        "businesscombinationacquisitionrelatedcosts": 21000000,
        "restructuringcharges": 38000000,
        "costsandexpenses": 6301000000,
        "operatingincomeloss": 3427000000,
        "interestexpense": 705000000,
        "nonoperatingincomeexpenseincludingeliminationofnetincomelossattributabletononcontrollinginterests": -41000000,
        "incomelossfromcontinuingoperationsincludingnoncontrollinginterestbeforeincometaxesextraordinaryitems": 2681000000,
        "incometaxexpensebenefit": 224000000,
        "netincomeloss": 2457000000,
        "earningspersharebasic": 0.89,
        "earningspersharediluted": 0.86,
        "weightedaveragenumberofsharesoutstandingbasic": 2769000000,
        "weightedaveragenumberofdilutedsharesoutstanding": 2861000000,
        "othercomprehensiveincomeforeigncurrencytransactionandtranslationadjustmentnetoftaxportionattributabletoparent": -223000000,
        "othercomprehensiveincomedefinedbenefitplansadjustmentnetoftaxportionattributabletoparent": -2000000,
        "othercomprehensiveincomelossnetoftaxportionattributabletoparent": -221000000,
        "comprehensiveincomenetoftax": 2236000000
    },
    {
        "date": "2021-02-27",
        "symbol": "ORCL",
        "period": "Q3",
        "cloudservicesandlicensesupportrevenue": 7252000000,
        "cloudlicenseandonpremiselicenserevenue": 1276000000,
        "hardwarerevenues": 820000000,
        "salesrevenueservicesnet1": 737000000,
        "revenuefromcontractwithcustomerexcludingassessedtax": 10085000000,
        "cloudservicesandlicensesupportexpenses": 1064000000,
        "hardwareexpenses": 230000000,
        "servicesexpense": 621000000,
        "sellingandmarketingexpense": 1915000000,
        "researchanddevelopmentexpense": 1621000000,
        "generalandadministrativeexpense": 330000000,
        "amortizationofintangibleassets": 347000000,
        "businesscombinationacquisitionrelatedcosts": 13000000,
        "restructuringcharges": 66000000,
        "costsandexpenses": 6207000000,
        "operatingincomeloss": 3878000000,
        "interestexpense": 585000000,
        "nonoperatingincomeexpenseincludingeliminationofnetincomelossattributabletononcontrollinginterests": -17000000,
        "incomelossfromcontinuingoperationsincludingnoncontrollinginterestbeforeincometaxesextraordinaryitems": 3276000000,
        "incometaxexpensebenefit": -1745000000,
        "netincomeloss": 5021000000,
        "earningspersharebasic": 1.72,
        "earningspersharediluted": 1.68,
        "weightedaveragenumberofsharesoutstandingbasic": 2913000000,
        "weightedaveragenumberofdilutedsharesoutstanding": 2994000000,
        "othercomprehensiveincomeforeigncurrencytransactionandtranslationadjustmentnetoftaxportionattributabletoparent": 132000000,
        "othercomprehensiveincomedefinedbenefitplansadjustmentnetoftaxportionattributabletoparent": -10000000,
        "othercomprehensiveincomeavailableforsalesecuritiesadjustmentnetoftaxportionattributabletoparent": -4000000,
        "othercomprehensiveincomelosscashflowhedgegainlossafterreclassificationandtaxparent": -7000000,
        "othercomprehensiveincomelossnetoftaxportionattributabletoparent": 131000000,
        "comprehensiveincomenetoftax": 5152000000
    },
    {
        "date": "2020-11-29",
        "symbol": "ORCL",
        "period": "Q2",
        "cloudservicesandlicensesupportrevenue": 7112000000,
        "cloudlicenseandonpremiselicenserevenue": 1092000000,
        "hardwarerevenues": 844000000,
        "salesrevenueservicesnet1": 752000000,
        "revenuefromcontractwithcustomerexcludingassessedtax": 9800000000,
        "cloudservicesandlicensesupportexpenses": 1064000000,
        "hardwareexpenses": 244000000,
        "servicesexpense": 631000000,
        "sellingandmarketingexpense": 1836000000,
        "researchanddevelopmentexpense": 1601000000,
        "generalandadministrativeexpense": 324000000,
        "amortizationofintangibleassets": 345000000,
        "businesscombinationacquisitionrelatedcosts": 76000000,
        "restructuringcharges": 96000000,
        "costsandexpenses": 6217000000,
        "operatingincomeloss": 3583000000,
        "interestexpense": 600000000,
        "nonoperatingincomeexpenseincludingeliminationofnetincomelossattributabletononcontrollinginterests": -11000000,
        "incomelossfromcontinuingoperationsincludingnoncontrollinginterestbeforeincometaxesextraordinaryitems": 2972000000,
        "incometaxexpensebenefit": 530000000,
        "netincomeloss": 2442000000,
        "earningspersharebasic": 0.8200000000000001,
        "earningspersharediluted": 0.81,
        "weightedaveragenumberofsharesoutstandingbasic": -32000000,
        "weightedaveragenumberofdilutedsharesoutstanding": -31000000,
        "othercomprehensiveincomeforeigncurrencytransactionandtranslationadjustmentnetoftaxportionattributabletoparent": 47000000,
        "othercomprehensiveincomedefinedbenefitplansadjustmentnetoftaxportionattributabletoparent": -10000000,
        "othercomprehensiveincomeavailableforsalesecuritiesadjustmentnetoftaxportionattributabletoparent": 0,
        "othercomprehensiveincomelosscashflowhedgegainlossafterreclassificationandtaxparent": -6000000,
        "othercomprehensiveincomelossnetoftaxportionattributabletoparent": 51000000,
        "comprehensiveincomenetoftax": 2493000000
    },
    {
        "date": "2020-08-30",
        "symbol": "ORCL",
        "period": "Q1",
        "cloudservicesandlicensesupportrevenue": 6947000000,
        "cloudlicenseandonpremiselicenserevenue": 886000000,
        "hardwarerevenues": 814000000,
        "salesrevenueservicesnet1": 720000000,
        "revenuefromcontractwithcustomerexcludingassessedtax": 9367000000,
        "cloudservicesandlicensesupportexpenses": 1011000000,
        "hardwareexpenses": 246000000,
        "servicesexpense": 623000000,
        "sellingandmarketingexpense": 1854000000,
        "researchanddevelopmentexpense": 1589000000,
        "generalandadministrativeexpense": 295000000,
        "amortizationofintangibleassets": 345000000,
        "businesscombinationacquisitionrelatedcosts": 19000000,
        "restructuringcharges": 174000000,
        "costsandexpenses": 6156000000,
        "operatingincomeloss": 3211000000,
        "interestexpense": 614000000,
        "nonoperatingincomeexpenseincludingeliminationofnetincomelossattributabletononcontrollinginterests": -2000000,
        "incomelossfromcontinuingoperationsincludingnoncontrollinginterestbeforeincometaxesextraordinaryitems": 2595000000,
        "incometaxexpensebenefit": 344000000,
        "netincomeloss": 2251000000,
        "earningspersharebasic": 0.74,
        "earningspersharediluted": 0.72,
        "weightedaveragenumberofsharesoutstandingbasic": 3041000000,
        "weightedaveragenumberofdilutedsharesoutstanding": 3107000000,
        "othercomprehensiveincomeforeigncurrencytransactionandtranslationadjustmentnetoftaxportionattributabletoparent": 325000000,
        "othercomprehensiveincomedefinedbenefitplansadjustmentnetoftaxportionattributabletoparent": -46000000,
        "othercomprehensiveincomeavailableforsalesecuritiesadjustmentnetoftaxportionattributabletoparent": 3000000,
        "othercomprehensiveincomelosscashflowhedgegainlossafterreclassificationandtaxparent": 5000000,
        "othercomprehensiveincomelossnetoftaxportionattributabletoparent": 379000000,
        "comprehensiveincomenetoftax": 2630000000
    },
    {
        "date": "2020-05-30",
        "symbol": "ORCL",
        "period": "Q4",
        "cloudservicesandlicensesupportrevenue": 6846000000,
        "cloudlicenseandonpremiselicenserevenue": 1958000000,
        "hardwarerevenues": 900000000,
        "salesrevenueservicesnet1": 736000000,
        "revenuefromcontractwithcustomerexcludingassessedtax": 4908000000,
        "cloudservicesandlicensesupportexpenses": 959000000,
        "hardwareexpenses": 288000000,
        "servicesexpense": 670000000,
        "sellingandmarketingexpense": 118000000,
        "researchanddevelopmentexpense": 1479000000,
        "generalandadministrativeexpense": 278000000,
        "amortizationofintangibleassets": -718000000,
        "businesscombinationacquisitionrelatedcosts": 12000000,
        "restructuringcharges": 82000000,
        "costsandexpenses": 6132000000,
        "operatingincomeloss": 6721000000,
        "interestexpense": 580000000,
        "nonoperatingincomeexpenseincludingeliminationofnetincomelossattributabletononcontrollinginterests": -33000000,
        "incomelossfromcontinuingoperationsincludingnoncontrollinginterestbeforeincometaxesextraordinaryitems": 3695000000,
        "incometaxexpensebenefit": 579000000,
        "netincomeloss": 3116000000,
        "earningspersharebasic": 1,
        "earningspersharediluted": 0.9700000000000001,
        "weightedaveragenumberofsharesoutstandingbasic": -6541000000,
        "weightedaveragenumberofdilutedsharesoutstanding": -6718000000,
        "othercomprehensiveincomeforeigncurrencytransactionandtranslationadjustmentnetoftaxportionattributabletoparent": 100000000,
        "othercomprehensiveincomedefinedbenefitplansadjustmentnetoftaxportionattributabletoparent": 124000000,
        "othercomprehensiveincomeavailableforsalesecuritiesadjustmentnetoftaxportionattributabletoparent": 0,
        "othercomprehensiveincomelosscashflowhedgegainlossafterreclassificationandtaxparent": -13000000,
        "othercomprehensiveincomelossnetoftaxportionattributabletoparent": -37000000,
        "comprehensiveincomenetoftax": 3079000000
    },
    {
        "date": "2020-02-28",
        "symbol": "ORCL",
        "period": "Q3",
        "cloudservicesandlicensesupportrevenue": 6930000000,
        "cloudlicenseandonpremiselicenserevenue": 1231000000,
        "hardwarerevenues": 857000000,
        "salesrevenueservicesnet1": 778000000,
        "revenuefromcontractwithcustomerexcludingassessedtax": 9796000000,
        "cloudservicesandlicensesupportexpenses": 991000000,
        "hardwareexpenses": 271000000,
        "servicesexpense": 702000000,
        "sellingandmarketingexpense": 2049000000,
        "researchanddevelopmentexpense": 1500000000,
        "generalandadministrativeexpense": 288000000,
        "amortizationofintangibleassets": 400000000,
        "businesscombinationacquisitionrelatedcosts": 7000000,
        "restructuringcharges": 60000000,
        "costsandexpenses": 6268000000,
        "operatingincomeloss": 3528000000,
        "interestexpense": 456000000,
        "nonoperatingincomeexpenseincludingeliminationofnetincomelossattributabletononcontrollinginterests": 4000000,
        "incomelossfromcontinuingoperationsincludingnoncontrollinginterestbeforeincometaxesextraordinaryitems": 3076000000,
        "incometaxexpensebenefit": 505000000,
        "netincomeloss": 2571000000,
        "earningspersharebasic": 0.81,
        "earningspersharediluted": 0.79,
        "weightedaveragenumberofsharesoutstandingbasic": 3190000000,
        "weightedaveragenumberofdilutedsharesoutstanding": 3271000000,
        "othercomprehensiveincomeforeigncurrencytransactionandtranslationadjustmentnetoftaxportionattributabletoparent": -86000000,
        "othercomprehensiveincomedefinedbenefitplansadjustmentnetoftaxportionattributabletoparent": -34000000,
        "othercomprehensiveincomeavailableforsalesecuritiesadjustmentnetoftaxportionattributabletoparent": 3000000,
        "othercomprehensiveincomelosscashflowhedgegainlossafterreclassificationandtaxparent": 7000000,
        "othercomprehensiveincomelossnetoftaxportionattributabletoparent": -42000000,
        "comprehensiveincomenetoftax": 2529000000
    },
    {
        "date": "2019-11-29",
        "symbol": "ORCL",
        "period": "Q2",
        "cloudservicesandlicensesupportrevenue": 6811000000,
        "cloudlicenseandonpremiselicenserevenue": 1126000000,
        "hardwarerevenues": 871000000,
        "salesrevenueservicesnet1": 806000000,
        "revenuefromcontractwithcustomerexcludingassessedtax": 9614000000,
        "cloudservicesandlicensesupportexpenses": 1022000000,
        "hardwareexpenses": 285000000,
        "servicesexpense": 741000000,
        "sellingandmarketingexpense": 2068000000,
        "researchanddevelopmentexpense": 1531000000,
        "generalandadministrativeexpense": 323000000,
        "amortizationofintangibleassets": 407000000,
        "businesscombinationacquisitionrelatedcosts": 12000000,
        "restructuringcharges": 42000000,
        "costsandexpenses": 6431000000,
        "operatingincomeloss": 3183000000,
        "interestexpense": 465000000,
        "nonoperatingincomeexpenseincludingeliminationofnetincomelossattributabletononcontrollinginterests": 92000000,
        "incomelossfromcontinuingoperationsincludingnoncontrollinginterestbeforeincometaxesextraordinaryitems": 2810000000,
        "incometaxexpensebenefit": 499000000,
        "netincomeloss": 2311000000,
        "earningspersharebasic": 0.71,
        "earningspersharediluted": 0.69,
        "weightedaveragenumberofsharesoutstandingbasic": 3245000000,
        "weightedaveragenumberofdilutedsharesoutstanding": 3331000000,
        "othercomprehensiveincomeforeigncurrencytransactionandtranslationadjustmentnetoftaxportionattributabletoparent": -84000000,
        "othercomprehensiveincomedefinedbenefitplansadjustmentnetoftaxportionattributabletoparent": -7000000,
        "othercomprehensiveincomeavailableforsalesecuritiesadjustmentnetoftaxportionattributabletoparent": 3000000,
        "othercomprehensiveincomelosscashflowhedgegainlossafterreclassificationandtaxparent": 8000000,
        "othercomprehensiveincomelossnetoftaxportionattributabletoparent": -66000000,
        "comprehensiveincomenetoftax": 2245000000
    },
    {
        "date": "2019-08-30",
        "symbol": "ORCL",
        "period": "Q1",
        "cloudservicesandlicensesupportrevenue": 6805000000,
        "cloudlicenseandonpremiselicenserevenue": 812000000,
        "hardwarerevenues": 815000000,
        "salesrevenueservicesnet1": 786000000,
        "revenuefromcontractwithcustomerexcludingassessedtax": 7617000000,
        "cloudservicesandlicensesupportexpenses": 931000000,
        "hardwareexpenses": 272000000,
        "servicesexpense": 703000000,
        "sellingandmarketingexpense": 117000000,
        "researchanddevelopmentexpense": 1557000000,
        "generalandadministrativeexpense": 292000000,
        "amortizationofintangibleassets": 32000000,
        "businesscombinationacquisitionrelatedcosts": 25000000,
        "restructuringcharges": 77000000,
        "costsandexpenses": 6341000000,
        "operatingincomeloss": 5486000000,
        "interestexpense": 494000000,
        "nonoperatingincomeexpenseincludingeliminationofnetincomelossattributabletononcontrollinginterests": 99000000,
        "incomelossfromcontinuingoperationsincludingnoncontrollinginterestbeforeincometaxesextraordinaryitems": 2482000000,
        "incometaxexpensebenefit": 345000000,
        "netincomeloss": 2137000000,
        "earningspersharebasic": 0.64,
        "earningspersharediluted": 0.63,
        "weightedaveragenumberofsharesoutstandingbasic": 3317000000,
        "weightedaveragenumberofdilutedsharesoutstanding": 3410000000,
        "othercomprehensiveincomeforeigncurrencytransactionandtranslationadjustmentnetoftaxportionattributabletoparent": -8000000,
        "othercomprehensiveincomedefinedbenefitplansadjustmentnetoftaxportionattributabletoparent": -4000000,
        "othercomprehensiveincomeavailableforsalesecuritiesadjustmentnetoftaxportionattributabletoparent": 85000000,
        "othercomprehensiveincomelosscashflowhedgegainlossafterreclassificationandtaxparent": -24000000,
        "othercomprehensiveincomelossnetoftaxportionattributabletoparent": 57000000,
        "comprehensiveincomenetoftax": 2194000000
    },
    {
        "date": "2019-05-30",
        "symbol": "ORCL",
        "period": "Q4",
        "cloudservicesandlicensesupportrevenue": 6799000000,
        "cloudlicenseandonpremiselicenserevenue": 2520000000,
        "hardwarerevenues": 994000000,
        "salesrevenueservicesnet1": 824000000,
        "revenuefromcontractwithcustomerexcludingassessedtax": 9319000000,
        "cloudservicesandlicensesupportexpenses": 928000000,
        "hardwareexpenses": 363000000,
        "servicesexpense": 726000000,
        "sellingandmarketingexpense": 140000000,
        "researchanddevelopmentexpense": 1561000000,
        "generalandadministrativeexpense": 329000000,
        "amortizationofintangibleassets": -741000000,
        "businesscombinationacquisitionrelatedcosts": 16000000,
        "restructuringcharges": 183000000,
        "costsandexpenses": 6880000000,
        "operatingincomeloss": 9670000000,
        "interestexpense": 525000000,
        "nonoperatingincomeexpenseincludingeliminationofnetincomelossattributabletononcontrollinginterests": 134000000,
        "incomelossfromcontinuingoperationsincludingnoncontrollinginterestbeforeincometaxesextraordinaryitems": 3866000000,
        "incometaxexpensebenefit": 126000000,
        "netincomeloss": 3740000000,
        "earningspersharebasic": 1.0599999999999996,
        "earningspersharediluted": 1.0300000000000002,
        "weightedaveragenumberofsharesoutstandingbasic": -7516000000,
        "weightedaveragenumberofdilutedsharesoutstanding": -7701000000,
        "othercomprehensiveincomeforeigncurrencytransactionandtranslationadjustmentnetoftaxportionattributabletoparent": -1000000,
        "othercomprehensiveincomedefinedbenefitplansadjustmentnetoftaxportionattributabletoparent": 89000000,
        "othercomprehensiveincomeavailableforsalesecuritiesadjustmentnetoftaxportionattributabletoparent": 212000000,
        "othercomprehensiveincomelossnetoftaxportionattributabletoparent": 106000000,
        "comprehensiveincomenetoftax": 3846000000
    },
    {
        "date": "2019-02-27",
        "symbol": "ORCL",
        "period": "Q3",
        "cloudservicesandlicensesupportrevenue": 6662000000,
        "cloudlicenseandonpremiselicenserevenue": 1251000000,
        "hardwarerevenues": 915000000,
        "salesrevenueservicesnet1": 786000000,
        "revenuefromcontractwithcustomerexcludingassessedtax": 7913000000,
        "cloudservicesandlicensesupportexpenses": 890000000,
        "hardwareexpenses": 339000000,
        "servicesexpense": 700000000,
        "sellingandmarketingexpense": 123000000,
        "researchanddevelopmentexpense": 1426000000,
        "generalandadministrativeexpense": 316000000,
        "amortizationofintangibleassets": 407000000,
        "businesscombinationacquisitionrelatedcosts": -4000000,
        "restructuringcharges": 43000000,
        "costsandexpenses": 6215000000,
        "operatingincomeloss": 5832000000,
        "interestexpense": 509000000,
        "nonoperatingincomeexpenseincludingeliminationofnetincomelossattributabletononcontrollinginterests": 198000000,
        "incomelossfromcontinuingoperationsincludingnoncontrollinginterestbeforeincometaxesextraordinaryitems": 3088000000,
        "incometaxexpensebenefit": 343000000,
        "netincomeloss": 2745000000,
        "earningspersharebasic": 0.78,
        "earningspersharediluted": 0.76,
        "weightedaveragenumberofsharesoutstandingbasic": 3526000000,
        "weightedaveragenumberofdilutedsharesoutstanding": 3617000000,
        "othercomprehensiveincomeforeigncurrencytransactionandtranslationadjustmentnetoftaxportionattributabletoparent": 10000000,
        "othercomprehensiveincomedefinedbenefitplansadjustmentnetoftaxportionattributabletoparent": -6000000,
        "othercomprehensiveincomeavailableforsalesecuritiesadjustmentnetoftaxportionattributabletoparent": 233000000,
        "othercomprehensiveincomelosscashflowhedgegainlossafterreclassificationandtaxparent": -18000000,
        "othercomprehensiveincomelossnetoftaxportionattributabletoparent": 231000000,
        "comprehensiveincomenetoftax": 2976000000
    },
    {
        "date": "2018-11-29",
        "symbol": "ORCL",
        "period": "Q2",
        "cloudservicesandlicensesupportrevenue": 6637000000,
        "cloudlicenseandonpremiselicenserevenue": 1217000000,
        "hardwarerevenues": 891000000,
        "salesrevenueservicesnet1": 817000000,
        "revenuefromcontractwithcustomerexcludingassessedtax": 7854000000,
        "cloudservicesandlicensesupportexpenses": 912000000,
        "hardwareexpenses": 332000000,
        "servicesexpense": 713000000,
        "sellingandmarketingexpense": 118000000,
        "researchanddevelopmentexpense": 1475000000,
        "generalandadministrativeexpense": 299000000,
        "amortizationofintangibleassets": 424000000,
        "businesscombinationacquisitionrelatedcosts": 18000000,
        "restructuringcharges": 143000000,
        "costsandexpenses": 6461000000,
        "operatingincomeloss": 5701000000,
        "interestexpense": 519000000,
        "nonoperatingincomeexpenseincludingeliminationofnetincomelossattributabletononcontrollinginterests": 192000000,
        "incomelossfromcontinuingoperationsincludingnoncontrollinginterestbeforeincometaxesextraordinaryitems": 2774000000,
        "incometaxexpensebenefit": 441000000,
        "netincomeloss": 2333000000,
        "earningspersharebasic": 0.63,
        "earningspersharediluted": 0.61,
        "weightedaveragenumberofsharesoutstandingbasic": 3720000000,
        "weightedaveragenumberofdilutedsharesoutstanding": 3817000000,
        "commonstockdividendspersharecashpaid": 0.19,
        "othercomprehensiveincomeforeigncurrencytransactionandtranslationadjustmentnetoftaxportionattributabletoparent": -97000000,
        "othercomprehensiveincomedefinedbenefitplansadjustmentnetoftaxportionattributabletoparent": -7000000,
        "othercomprehensiveincomeavailableforsalesecuritiesadjustmentnetoftaxportionattributabletoparent": -117000000,
        "othercomprehensiveincomelosscashflowhedgegainlossafterreclassificationandtaxparent": 8000000,
        "othercomprehensiveincomelossnetoftaxportionattributabletoparent": -199000000,
        "comprehensiveincomenetoftax": 2134000000
    },
    {
        "date": "2018-08-30",
        "symbol": "ORCL",
        "period": "Q1",
        "cloudservicesandlicensesupportrevenue": 6609000000,
        "cloudlicenseandonpremiselicenserevenue": 867000000,
        "hardwarerevenues": 904000000,
        "salesrevenueservicesnet1": 813000000,
        "revenuefromcontractwithcustomerexcludingassessedtax": 7476000000,
        "cloudservicesandlicensesupportexpenses": 867000000,
        "hardwareexpenses": 326000000,
        "servicesexpense": 714000000,
        "sellingandmarketingexpense": 139000000,
        "researchanddevelopmentexpense": 1564000000,
        "generalandadministrativeexpense": 321000000,
        "amortizationofintangibleassets": 30000000,
        "businesscombinationacquisitionrelatedcosts": 14000000,
        "restructuringcharges": 107000000,
        "costsandexpenses": 6415000000,
        "operatingincomeloss": 2778000000,
        "interestexpense": 529000000,
        "nonoperatingincomeexpenseincludingeliminationofnetincomelossattributabletononcontrollinginterests": 291000000,
        "incomelossfromcontinuingoperationsincludingnoncontrollinginterestbeforeincometaxesextraordinaryitems": 2540000000,
        "incometaxexpensebenefit": 275000000,
        "netincomeloss": 2265000000,
        "earningspersharebasic": 0.58,
        "earningspersharediluted": 0.57,
        "weightedaveragenumberofsharesoutstandingbasic": 3904000000,
        "weightedaveragenumberofdilutedsharesoutstanding": 3999000000,
        "commonstockdividendspersharecashpaid": 0.19,
        "othercomprehensiveincomeforeigncurrencytransactionandtranslationadjustmentnetoftaxportionattributabletoparent": -61000000,
        "othercomprehensiveincomedefinedbenefitplansadjustmentnetoftaxportionattributabletoparent": -6000000,
        "othercomprehensiveincomeavailableforsalesecuritiesadjustmentnetoftaxportionattributabletoparent": 4000000,
        "othercomprehensiveincomederivativesqualifyingashedgesnetoftaxportionattributabletoparent": -26000000,
        "othercomprehensiveincomelossnetoftaxportionattributabletoparent": -77000000,
        "comprehensiveincomenetoftax": 2188000000
    },
    {
        "date": "2018-05-30",
        "symbol": "ORCL",
        "period": "Q4",
        "hardwarerevenues": 1116000000,
        "salesrevenueservicesnet": 882000000,
        "revenues": -14247000000,
        "hardwareexpenses": 463000000,
        "costofservices": 754000000,
        "sellingandmarketingexpense": 158000000,
        "researchanddevelopmentexpense": 1544000000,
        "generalandadministrativeexpense": 308000000,
        "amortizationofintangibleassets": -702000000,
        "businesscombinationacquisitionrelatedcosts": 20000000,
        "restructuringcharges": 94000000,
        "costsandexpenses": 6873000000,
        "operatingincomeloss": 4379000000,
        "interestexpense": 548000000,
        "incometaxexpensebenefit": 733000000,
        "netincomeloss": 3406000000,
        "earningspersharebasic": 0.8400000000000001,
        "earningspersharediluted": 0.8399999999999999,
        "weightedaveragenumberofsharesoutstandingbasic": -8317000000,
        "weightedaveragenumberofdilutedsharesoutstanding": -8451000000,
        "commonstockdividendspersharecashpaid": 0.19000000000000006,
        "othercomprehensiveincomelossnetoftaxportionattributabletoparent": -340000000,
        "comprehensiveincomenetoftax": 3066000000
    },
    {
        "date": "2018-02-27",
        "symbol": "ORCL",
        "period": "Q3",
        "cloudsoftwareasservice": 1151000000,
        "cloudplatformasserviceandinfrastructureasservice": 415000000,
        "cloudrevenues": 1566000000,
        "licensesrevenue": 1388000000,
        "maintenancerevenue": 5027000000,
        "licenseandmaintenancerevenue": 6415000000,
        "cloudonpremisesoftwarerevenues": 7981000000,
        "hardwarerevenues": 994000000,
        "salesrevenueservicesnet": 796000000,
        "revenues": 9776000000,
        "cloudsoftwareasserviceexpenses": 398000000,
        "cloudplatformasserviceandinfrastructureasserviceexpenses": 275000000,
        "costofservicesmaintenancecosts": 223000000,
        "hardwareexpenses": 394000000,
        "costofservices": 712000000,
        "sellingandmarketingexpense": 153000000,
        "researchanddevelopmentexpense": 1498000000,
        "generalandadministrativeexpense": 340000000,
        "amortizationofintangibleassets": 394000000,
        "businesscombinationacquisitionrelatedcosts": 3000000,
        "restructuringcharges": 91000000,
        "costsandexpenses": 6361000000,
        "operatingincomeloss": 3410000000,
        "interestexpense": 533000000,
        "nonoperatingincomeexpense": 423000000,
        "incomelossfromcontinuingoperationsbeforeincometaxesextraordinaryitemsnoncontrollinginterest": 3300000000,
        "incometaxexpensebenefit": 7324000000,
        "netincomeloss": -4024000000,
        "earningspersharebasic": -0.98,
        "earningspersharediluted": -0.98,
        "weightedaveragenumberofsharesoutstandingbasic": 4122000000,
        "weightedaveragenumberofdilutedsharesoutstanding": 4122000000,
        "commonstockdividendspersharecashpaid": 0.19,
        "othercomprehensiveincomelossforeigncurrencytransactionandtranslationadjustmentnetoftax": 31000000,
        "othercomprehensiveincomedefinedbenefitplansnetunamortizedgainlossarisingduringperiodnetoftax": 8000000,
        "othercomprehensiveincomelossavailableforsalesecuritiesadjustmentnetoftax": -439000000,
        "othercomprehensiveincomelossderivativesqualifyingashedgesnetoftax": 6000000,
        "othercomprehensiveincomelossnetoftaxportionattributabletoparent": -394000000,
        "comprehensiveincomenetoftax": -4418000000
    },
    {
        "date": "2017-11-29",
        "symbol": "ORCL",
        "period": "Q2",
        "cloudsoftwareasservice": 1123000000,
        "cloudplatformasserviceandinfrastructureasservice": 396000000,
        "cloudrevenues": 1519000000,
        "licensesrevenue": 1353000000,
        "maintenancerevenue": 4953000000,
        "licenseandmaintenancerevenue": 6306000000,
        "cloudonpremisesoftwarerevenues": 7825000000,
        "hardwarerevenues": 940000000,
        "salesrevenueservicesnet": 856000000,
        "revenues": 9630000000,
        "cloudsoftwareasserviceexpenses": 396000000,
        "cloudplatformasserviceandinfrastructureasserviceexpenses": 241000000,
        "costofservicesmaintenancecosts": 257000000,
        "hardwareexpenses": 351000000,
        "costofservices": 720000000,
        "sellingandmarketingexpense": 154000000,
        "researchanddevelopmentexpense": 1475000000,
        "generalandadministrativeexpense": 321000000,
        "amortizationofintangibleassets": 400000000,
        "businesscombinationacquisitionrelatedcosts": 17000000,
        "restructuringcharges": 292000000,
        "costsandexpenses": 6552000000,
        "operatingincomeloss": 3069000000,
        "interestexpense": 475000000,
        "nonoperatingincomeexpense": 273000000,
        "incomelossfromcontinuingoperationsbeforeincometaxesextraordinaryitemsnoncontrollinginterest": 2867000000,
        "incometaxexpensebenefit": 634000000,
        "netincomeloss": 2233000000,
        "earningspersharebasic": 0.54,
        "earningspersharediluted": 0.52,
        "weightedaveragenumberofsharesoutstandingbasic": 4160000000,
        "weightedaveragenumberofdilutedsharesoutstanding": 4283000000,
        "commonstockdividendspersharecashpaid": 0.19,
        "othercomprehensiveincomelossforeigncurrencytransactionandtranslationadjustmentnetoftax": -40000000,
        "othercomprehensiveincomedefinedbenefitplansnetunamortizedgainlossarisingduringperiodnetoftax": 11000000,
        "othercomprehensiveincomelossavailableforsalesecuritiesadjustmentnetoftax": -192000000,
        "othercomprehensiveincomelossderivativesqualifyingashedgesnetoftax": 35000000,
        "othercomprehensiveincomelossnetoftaxportionattributabletoparent": -186000000,
        "comprehensiveincomenetoftax": 2047000000
    },
    {
        "date": "2017-08-30",
        "symbol": "ORCL",
        "period": "Q1",
        "cloudsoftwareasservice": 1067000000,
        "cloudplatformasserviceandinfrastructureasservice": 400000000,
        "cloudrevenues": 1467000000,
        "licensesrevenue": 966000000,
        "maintenancerevenue": 4951000000,
        "licenseandmaintenancerevenue": 5917000000,
        "cloudonpremisesoftwarerevenues": 7384000000,
        "hardwarerevenues": 943000000,
        "salesrevenueservicesnet": 860000000,
        "revenues": 9212000000,
        "cloudsoftwareasserviceexpenses": 374000000,
        "cloudplatformasserviceandinfrastructureasserviceexpenses": 227000000,
        "costofservicesmaintenancecosts": 257000000,
        "hardwareexpenses": 373000000,
        "costofservices": 702000000,
        "sellingandmarketingexpense": 170000000,
        "researchanddevelopmentexpense": 1574000000,
        "generalandadministrativeexpense": 320000000,
        "amortizationofintangibleassets": 39000000,
        "businesscombinationacquisitionrelatedcosts": 12000000,
        "restructuringcharges": 124000000,
        "costsandexpenses": 6366000000,
        "operatingincomeloss": 2821000000,
        "interestexpense": 469000000,
        "nonoperatingincomeexpense": 233000000,
        "incomelossfromcontinuingoperationsbeforeincometaxesextraordinaryitemsnoncontrollinginterest": 2585000000,
        "incometaxexpensebenefit": 375000000,
        "netincomeloss": 2210000000,
        "earningspersharebasic": 0.53,
        "earningspersharediluted": 0.52,
        "weightedaveragenumberofsharesoutstandingbasic": 4156000000,
        "weightedaveragenumberofdilutedsharesoutstanding": 4284000000,
        "commonstockdividendspersharecashpaid": 0.19,
        "othercomprehensiveincomelossforeigncurrencytransactionandtranslationadjustmentnetoftax": 38000000,
        "othercomprehensiveincomedefinedbenefitplansnetunamortizedgainlossarisingduringperiodnetoftax": 7000000,
        "othercomprehensiveincomelossavailableforsalesecuritiesadjustmentnetoftax": 64000000,
        "othercomprehensiveincomelossderivativesqualifyingashedgesnetoftax": -22000000,
        "othercomprehensiveincomelossnetoftaxportionattributabletoparent": 87000000,
        "comprehensiveincomenetoftax": 2297000000
    },
    {
        "date": "2017-05-30",
        "symbol": "ORCL",
        "period": "Q4",
        "cloudrevenues": 1360000000,
        "licensesrevenue": 2627000000,
        "maintenancerevenue": 4898000000,
        "licenseandmaintenancerevenue": 7525000000,
        "hardwarerevenues": 1114000000,
        "salesrevenueservicesnet": 894000000,
        "revenues": -13135000000,
        "costofservicesmaintenancecosts": 265000000,
        "costofservices": 729000000,
        "sellingandmarketingexpense": -5063000000,
        "researchanddevelopmentexpense": 1608000000,
        "generalandadministrativeexpense": 317000000,
        "amortizationofintangibleassets": -459000000,
        "businesscombinationacquisitionrelatedcosts": 19000000,
        "restructuringcharges": 127000000,
        "costsandexpenses": 6820000000,
        "operatingincomeloss": 4073000000,
        "interestexpense": 481000000,
        "nonoperatingincomeexpense": 169000000,
        "incomelossfromcontinuingoperationsbeforeincometaxesextraordinaryitemsnoncontrollinginterest": 3761000000,
        "incometaxexpensebenefit": 529000000,
        "netincomeloss": 3232000000,
        "earningspersharebasic": 0.78,
        "earningspersharediluted": 0.77,
        "weightedaveragenumberofsharesoutstandingbasic": -8215000000,
        "weightedaveragenumberofdilutedsharesoutstanding": -8403000000,
        "commonstockdividendspersharecashpaid": 0.18999999999999997,
        "othercomprehensiveincomelossforeigncurrencytransactionandtranslationadjustmentnetoftax": 138000000,
        "othercomprehensiveincomedefinedbenefitplansnetunamortizedgainlossarisingduringperiodnetoftax": -118000000,
        "othercomprehensiveincomelossavailableforsalesecuritiesadjustmentnetoftax": 108000000,
        "othercomprehensiveincomelossderivativesqualifyingashedgesnetoftax": 0,
        "othercomprehensiveincomelossnetoftaxportionattributabletoparent": 142000000,
        "comprehensiveincomenetoftax": 3360000000
    },
    {
        "date": "2017-02-27",
        "symbol": "ORCL",
        "period": "Q3",
        "cloudsoftwaresubscriptions": 1011000000,
        "cloudinfrastructureasaservice": 178000000,
        "cloudrevenues": 1189000000,
        "licensesrevenue": 1414000000,
        "maintenancerevenue": 4762000000,
        "licenseandmaintenancerevenue": 6176000000,
        "cloudonpremisesoftwarerevenues": 7365000000,
        "hardwareproductsrevenues": 520000000,
        "hardwaresupportrevenues": 508000000,
        "hardwarerevenues": 1028000000,
        "salesrevenueservicesnet": 812000000,
        "revenues": 9274000000,
        "sellingandmarketingexpense": 2004000000,
        "cloudsoftwaresubscriptionscosts": 380000000,
        "cloudinfrastructureasaservicecost": 125000000,
        "costofservicesmaintenancecosts": 270000000,
        "hardwareproductscost": 290000000,
        "hardwaresupportcost": 147000000,
        "costofservices": 680000000,
        "researchanddevelopmentexpense": 1521000000,
        "generalandadministrativeexpense": 241000000,
        "amortizationofintangibleassets": 397000000,
        "businesscombinationacquisitionrelatedcosts": 30000000,
        "restructuringcharges": 161000000,
        "costsandexpenses": 6246000000,
        "operatingincomeloss": 2959000000,
        "interestexpense": 450000000,
        "nonoperatingincomeexpense": 189000000,
        "incomelossfromcontinuingoperationsbeforeincometaxesextraordinaryitemsnoncontrollinginterest": 2698000000,
        "incometaxexpensebenefit": 459000000,
        "netincomeloss": 2239000000,
        "earningspersharebasic": 0.55,
        "earningspersharediluted": 0.53,
        "weightedaveragenumberofsharesoutstandingbasic": 4107000000,
        "weightedaveragenumberofdilutedsharesoutstanding": 4204000000,
        "commonstockdividendspersharecashpaid": 0.15,
        "othercomprehensiveincomelossforeigncurrencytransactionandtranslationadjustmentnetoftax": 32000000,
        "othercomprehensiveincomedefinedbenefitplansnetunamortizedgainlossarisingduringperiodnetoftax": 9000000,
        "othercomprehensiveincomelossavailableforsalesecuritiesadjustmentnetoftax": 96000000,
        "othercomprehensiveincomelossderivativesqualifyingashedgesnetoftax": 4000000,
        "othercomprehensiveincomelossnetoftaxportionattributabletoparent": 141000000,
        "comprehensiveincomenetoftax": 2380000000
    },
    {
        "date": "2016-11-29",
        "symbol": "ORCL",
        "period": "Q2",
        "cloudsoftwaresubscriptions": 878000000,
        "cloudinfrastructureasaservice": 175000000,
        "cloudrevenues": 1053000000,
        "licensesrevenue": 1347000000,
        "maintenancerevenue": 4777000000,
        "licenseandmaintenancerevenue": 6124000000,
        "cloudonpremisesoftwarerevenues": 7177000000,
        "hardwareproductsrevenues": 497000000,
        "hardwaresupportrevenues": 517000000,
        "hardwarerevenues": 1014000000,
        "salesrevenueservicesnet": 844000000,
        "revenues": 9070000000,
        "sellingandmarketingexpense": 1960000000,
        "cloudsoftwaresubscriptionscosts": 361000000,
        "cloudinfrastructureasaservicecost": 111000000,
        "costofservicesmaintenancecosts": 242000000,
        "hardwareproductscost": 242000000,
        "hardwaresupportcost": 144000000,
        "costofservices": 697000000,
        "researchanddevelopmentexpense": 1510000000,
        "generalandadministrativeexpense": 303000000,
        "amortizationofintangibleassets": 302000000,
        "businesscombinationacquisitionrelatedcosts": 40000000,
        "restructuringcharges": 86000000,
        "costsandexpenses": 5998000000,
        "operatingincomeloss": 3037000000,
        "interestexpense": 451000000,
        "nonoperatingincomeexpense": 99000000,
        "incomelossfromcontinuingoperationsbeforeincometaxesextraordinaryitemsnoncontrollinginterest": 2685000000,
        "incometaxexpensebenefit": 653000000,
        "netincomeloss": 2032000000,
        "earningspersharebasic": 0.5,
        "earningspersharediluted": 0.48,
        "weightedaveragenumberofsharesoutstandingbasic": 4104000000,
        "weightedaveragenumberofdilutedsharesoutstanding": 4195000000,
        "commonstockdividendspersharecashpaid": 0.15,
        "othercomprehensiveincomelossforeigncurrencytransactionandtranslationadjustmentnetoftax": -204000000,
        "othercomprehensiveincomedefinedbenefitplansnetunamortizedgainlossarisingduringperiodnetoftax": 2000000,
        "othercomprehensiveincomelossavailableforsalesecuritiesadjustmentnetoftax": -356000000,
        "othercomprehensiveincomelossderivativesqualifyingashedgesnetoftax": 19000000,
        "othercomprehensiveincomelossnetoftaxportionattributabletoparent": -539000000,
        "comprehensiveincomenetoftax": 1493000000
    },
    {
        "date": "2016-08-30",
        "symbol": "ORCL",
        "period": "Q1",
        "cloudsoftwaresubscriptions": 798000000,
        "cloudinfrastructureasaservice": 171000000,
        "cloudrevenues": 969000000,
        "licensesrevenue": 1030000000,
        "maintenancerevenue": 4792000000,
        "licenseandmaintenancerevenue": 5822000000,
        "totalcloudon-premisesoftwarerevenues": 6791000000,
        "hardwareproductsrevenues": 462000000,
        "hardwaresupportrevenues": 534000000,
        "hardwarerevenues": 996000000,
        "salesrevenueservicesnet": 808000000,
        "revenues": 8613000000,
        "sellingandmarketingexpense": 1919000000,
        "cloudsoftwaresubscriptionscosts": 319000000,
        "cloudinfrastructureasaservicecost": 96000000,
        "costofservicesmaintenancecosts": 275000000,
        "hardwaresystemsproductscost": 242000000,
        "hardwaresupportcost": 149000000,
        "costofservices": 695000000,
        "researchanddevelopmentexpense": 1520000000,
        "generalandadministrativeexpense": 315000000,
        "amortizationofintangibleassets": 27000000,
        "businesscombinationacquisitionrelatedcosts": 14000000,
        "restructuringcharges": 112000000,
        "costsandexpenses": 5954000000,
        "operatingincomeloss": 2641000000,
        "interestexpense": 416000000,
        "nonoperatingincomeexpense": 148000000,
        "incomelossfromcontinuingoperationsbeforeincometaxesextraordinaryitemsnoncontrollinginterest": 2373000000,
        "incometaxexpensebenefit": 541000000,
        "netincomeloss": 1832000000,
        "earningspersharebasic": 0.44,
        "earningspersharediluted": 0.43,
        "weightedaveragenumberofsharesoutstandingbasic": 4119000000,
        "weightedaveragenumberofdilutedsharesoutstanding": 4221000000,
        "commonstockdividendspersharecashpaid": 0.15,
        "othercomprehensiveincomelossforeigncurrencytransactionandtranslationadjustmentnetoftax": 133000000,
        "othercomprehensiveincomedefinedbenefitplansnetunamortizedgainlossarisingduringperiodnetoftax": 5000000,
        "othercomprehensiveincomelossavailableforsalesecuritiesadjustmentnetoftax": 143000000,
        "othercomprehensiveincomelossderivativesqualifyingashedgesnetoftax": 2000000,
        "othercomprehensiveincomelossnetoftaxportionattributabletoparent": 283000000,
        "comprehensiveincomenetoftax": 2115000000
    },
    {
        "date": "2016-05-30",
        "symbol": "ORCL",
        "period": "Q4",
        "cloudsoftwaresubscriptions": 689000000,
        "cloudinfrastructure-as-a-service": 169000000,
        "licensesrevenue": 2768000000,
        "maintenancerevenue": 4813000000,
        "licenseandmaintenancerevenue": 7581000000,
        "totalcloudon-premisesoftwarerevenues": 8439000000,
        "hardwareproductsrevenues": 724000000,
        "hardwaresupportrevenues": 558000000,
        "hardwarerevenues": 1282000000,
        "salesrevenueservicesnet": 873000000,
        "revenues": -9081000000,
        "sellingandmarketingexpense": 2305000000,
        "cloudsoftwaresubscriptionscosts": 304000000,
        "cloudinfrastructureasaservicecost": 98000000,
        "costofservicesmaintenancecosts": 269000000,
        "hardwaresystemsproductscost": 405000000,
        "hardwaresupportcost": 168000000,
        "costofservices": 693000000,
        "researchanddevelopmentexpense": 1534000000,
        "generalandadministrativeexpense": 323000000,
        "amortizationofintangibleassets": 355000000,
        "businesscombinationacquisitionrelatedcosts": 7000000,
        "restructuringcharges": 169000000,
        "costsandexpenses": 6626000000,
        "operatingincomeloss": 3968000000,
        "interestexpense": 362000000,
        "nonoperatingincomeexpense": 126000000,
        "incomelossfromcontinuingoperationsbeforeincometaxesextraordinaryitemsnoncontrollinginterest": 3732000000,
        "incometaxexpensebenefit": 917000000,
        "netincomeloss": 2815000000,
        "earningspersharebasic": 0.6799999999999998,
        "earningspersharediluted": 0.6599999999999998,
        "weightedaveragenumberofsharesoutstandingbasic": -8517000000,
        "weightedaveragenumberofdilutedsharesoutstanding": -8679000000,
        "commonstockdividendspersharecashpaid": 0.14999999999999994,
        "othercomprehensiveincomelossforeigncurrencytransactionandtranslationadjustmentnetoftax": 64000000,
        "othercomprehensiveincomedefinedbenefitplansnetunamortizedgainlossarisingduringperiodnetoftax": 25000000,
        "othercomprehensiveincomelossavailableforsalesecuritiesadjustmentnetoftax": 119000000,
        "othercomprehensiveincomelossderivativesqualifyingashedgesnetoftax": 22000000,
        "othercomprehensiveincomelossnetoftaxportionattributabletoparent": 76000000,
        "comprehensiveincomenetoftax": 3045000000
    },
    {
        "date": "2016-02-28",
        "symbol": "ORCL",
        "period": "Q3",
        "cloudsoftwaresubscriptions": 583000000,
        "cloudinfrastructure-as-a-service": 152000000,
        "totalcloudrevenues": 735000000,
        "licensesrevenue": 1680000000,
        "maintenancerevenue": 4669000000,
        "licenseandmaintenancerevenue": 6349000000,
        "totalcloudon-premisesoftwarerevenues": 7084000000,
        "hardwareproductsrevenues": 604000000,
        "hardwaresupportrevenues": 531000000,
        "hardwarerevenues": 1135000000,
        "salesrevenueservicesnet": 793000000,
        "revenues": 9014000000,
        "sellingandmarketingexpense": 1903000000,
        "cloudsoftwaresubscriptionscosts": 292000000,
        "cloudinfrastructureasaservicecost": 88000000,
        "costofservicesmaintenancecosts": 293000000,
        "hardwaresystemsproductscost": 338000000,
        "hardwaresupportcost": 171000000,
        "costofservices": 657000000,
        "researchanddevelopmentexpense": 1419000000,
        "generalandadministrativeexpense": 290000000,
        "amortizationofintangibleassets": 408000000,
        "businesscombinationacquisitionrelatedcosts": 11000000,
        "restructuringcharges": 115000000,
        "costsandexpenses": 5985000000,
        "operatingincomeloss": 3027000000,
        "interestexpense": 360000000,
        "nonoperatingincomeexpense": 65000000,
        "incomelossfromcontinuingoperationsbeforeincometaxesextraordinaryitemsnoncontrollinginterest": 2732000000,
        "incometaxexpensebenefit": 590000000,
        "netincomeloss": 2142000000,
        "earningspersharebasic": 0.51,
        "earningspersharediluted": 0.5,
        "weightedaveragenumberofsharesoutstandingbasic": 4182000000,
        "weightedaveragenumberofdilutedsharesoutstanding": 4256000000,
        "commonstockdividendspersharecashpaid": 0.15,
        "othercomprehensiveincomelossforeigncurrencytransactionandtranslationadjustmentnetoftax": 142000000,
        "othercomprehensiveincomedefinedbenefitplansnetunamortizedgainlossarisingduringperiodnetoftax": 5000000,
        "othercomprehensiveincomelossavailableforsalesecuritiesadjustmentnetoftax": 69000000,
        "othercomprehensiveincomelossderivativesqualifyingashedgesnetoftax": -23000000,
        "othercomprehensiveincomelossnetoftaxportionattributabletoparent": 193000000,
        "comprehensiveincomenetoftax": 2335000000
    },
    {
        "date": "2015-11-29",
        "symbol": "ORCL",
        "period": "Q2",
        "cloudsoftwaresubscriptions": 484000000,
        "cloudinfrastructure-as-a-service": 165000000,
        "totalcloudrevenues": 649000000,
        "licensesrevenue": 1677000000,
        "maintenancerevenue": 4683000000,
        "licenseandmaintenancerevenue": 6360000000,
        "totalcloudon-premisesoftwarerevenues": 7009000000,
        "hardwareproductsrevenues": 573000000,
        "hardwaresupportrevenues": 550000000,
        "hardwarerevenues": 1123000000,
        "salesrevenueservicesnet": 861000000,
        "revenues": 8996000000,
        "sellingandmarketingexpense": 1945000000,
        "cloudsoftwaresubscriptionscosts": 280000000,
        "cloudinfrastructureasaservicecost": 91000000,
        "costofservicesmaintenancecosts": 293000000,
        "hardwaresystemsproductscost": 325000000,
        "hardwaresupportcost": 174000000,
        "costofservices": 690000000,
        "researchanddevelopmentexpense": 1444000000,
        "generalandadministrativeexpense": 285000000,
        "amortizationofintangibleassets": 423000000,
        "businesscombinationacquisitionrelatedcosts": -7000000,
        "restructuringcharges": 95000000,
        "costsandexpenses": 6038000000,
        "operatingincomeloss": 2955000000,
        "interestexpense": 371000000,
        "nonoperatingincomeexpense": 84000000,
        "incomelossfromcontinuingoperationsbeforeincometaxesextraordinaryitemsnoncontrollinginterest": 2668000000,
        "incometaxexpensebenefit": 471000000,
        "netincomeloss": 2197000000,
        "earningspersharebasic": 0.52,
        "earningspersharediluted": 0.51,
        "weightedaveragenumberofsharesoutstandingbasic": 4239000000,
        "weightedaveragenumberofdilutedsharesoutstanding": 4316000000,
        "commonstockdividendspersharecashpaid": 0.15,
        "othercomprehensiveincomelossforeigncurrencytransactionandtranslationadjustmentnetoftax": -132000000,
        "othercomprehensiveincomedefinedbenefitplansnetunamortizedgainlossarisingduringperiodnetoftax": 7000000,
        "othercomprehensiveincomelossavailableforsalesecuritiesadjustmentnetoftax": 10000000,
        "othercomprehensiveincomelossderivativesqualifyingashedgesnetoftax": 15000000,
        "othercomprehensiveincomelossnetoftaxportionattributabletoparent": -100000000,
        "comprehensiveincomenetoftax": 2097000000
    },
    {
        "date": "2015-08-30",
        "symbol": "ORCL",
        "period": "Q1",
        "cloudsoftwaresubscriptions": 451000000,
        "cloudinfrastructure-as-a-service": 160000000,
        "totalcloudrevenues": 611000000,
        "licensesrevenue": 1151000000,
        "maintenancerevenue": 4696000000,
        "licenseandmaintenancerevenue": 5847000000,
        "totalcloudon-premisesoftwarerevenues": 6458000000,
        "hardwareproductsrevenues": 570000000,
        "hardwaresupportrevenues": 558000000,
        "hardwarerevenues": 1128000000,
        "salesrevenueservicesnet": 862000000,
        "revenues": 559000000,
        "sellingandmarketingexpense": 1731000000,
        "cloudsoftwaresubscriptionscosts": 276000000,
        "cloudinfrastructureasaservicecost": 89000000,
        "costofservicesmaintenancecosts": 291000000,
        "hardwaresystemsproductscost": 303000000,
        "hardwaresupportcost": 180000000,
        "costofservices": 711000000,
        "researchanddevelopmentexpense": 1390000000,
        "generalandadministrativeexpense": 257000000,
        "amortizationofintangibleassets": 452000000,
        "businesscombinationacquisitionrelatedcosts": 31000000,
        "restructuringcharges": 83000000,
        "costsandexpenses": 5794000000,
        "operatingincomeloss": 2654000000,
        "interestexpense": 374000000,
        "nonoperatingincomeexpense": 30000000,
        "incomelossfromcontinuingoperationsbeforeincometaxesextraordinaryitemsnoncontrollinginterest": 2310000000,
        "incometaxexpensebenefit": 563000000,
        "netincomeloss": 1747000000,
        "earningspersharebasic": 0.4,
        "earningspersharediluted": 0.4,
        "weightedaveragenumberofsharesoutstandingbasic": 4317000000,
        "weightedaveragenumberofdilutedsharesoutstanding": 4412000000,
        "commonstockdividendspersharecashpaid": 0.15,
        "othercomprehensiveincomelossforeigncurrencytransactionandtranslationadjustmentnetoftax": -1000000,
        "othercomprehensiveincomedefinedbenefitplansnetunamortizedgainlossarisingduringperiodnetoftax": 13000000,
        "othercomprehensiveincomelossavailableforsalesecuritiesadjustmentnetoftax": -126000000,
        "othercomprehensiveincomelossderivativesqualifyingashedgesnetoftax": -29000000,
        "othercomprehensiveincomelossnetoftaxportionattributabletoparent": -143000000,
        "comprehensiveincomenetoftax": 1604000000
    },
    {
        "date": "2015-02-27",
        "symbol": "ORCL",
        "period": "Q3",
        "licensesrevenue": 1982000000,
        "cloudsoftwaresubscriptions": 372000000,
        "cloudinfrastructure-as-a-service": 155000000,
        "maintenancerevenue": 4661000000,
        "softwareandcloudrevenues": 7170000000,
        "hardwaresystemsproductsrevenues": 712000000,
        "hardwaresystemssupportrevenues": 587000000,
        "hardwaresystemsrevenues": 1299000000,
        "salesrevenueservicesnet": 858000000,
        "revenues": 9334000000,
        "sellingandmarketingexpense": 1839000000,
        "cloudsoftwaresubscriptionscosts": 203000000,
        "cloudinfrastructureasaservicecost": 88000000,
        "costofservicesmaintenancecosts": 300000000,
        "hardwaresystemsproductscost": 367000000,
        "hardwaresystemssupportcost": 218000000,
        "costofservices": 724000000,
        "researchanddevelopmentexpense": 1370000000,
        "generalandadministrativeexpense": 252000000,
        "amortizationofintangibleassets": 527000000,
        "businesscombinationacquisitionrelatedcosts": 8000000,
        "restructuringcharges": 48000000,
        "costsandexpenses": 5944000000,
        "operatingincomeloss": 3383000000,
        "interestexpense": 273000000,
        "nonoperatingincomeexpense": 40000000,
        "incomelossfromcontinuingoperationsbeforeincometaxesextraordinaryitemsnoncontrollinginterest": 3150000000,
        "incometaxexpensebenefit": 655000000,
        "netincomeloss": 2495000000,
        "earningspersharebasic": 0.57,
        "earningspersharediluted": 0.56,
        "weightedaveragenumberofsharesoutstandingbasic": 4389000000,
        "weightedaveragenumberofdilutedsharesoutstanding": 4494000000,
        "commonstockdividendspersharecashpaid": 0.12,
        "othercomprehensiveincomelossforeigncurrencytransactionandtranslationadjustmentnetoftax": -262000000,
        "othercomprehensiveincomedefinedbenefitplansnetunamortizedgainlossarisingduringperiodnetoftax": 2000000,
        "othercomprehensiveincomelossavailableforsalesecuritiesadjustmentnetoftax": -6000000,
        "othercomprehensiveincomelossderivativesqualifyingashedgesnetoftax": -30000000,
        "othercomprehensiveincomelossnetoftaxportionattributabletoparent": -296000000,
        "comprehensiveincomenetoftax": 2199000000
    },
    {
        "date": "2014-11-29",
        "symbol": "ORCL",
        "period": "Q2",
        "licensesrevenue": 2045000000,
        "cloudsoftwaresubscriptions": 361000000,
        "cloudinfrastructure-as-a-service": 155000000,
        "maintenancerevenue": 4768000000,
        "softwareandcloudrevenues": 7329000000,
        "hardwaresystemsproductsrevenues": 717000000,
        "hardwaresystemssupportrevenues": 617000000,
        "hardwaresystemsrevenues": 1334000000,
        "salesrevenueservicesnet": 935000000,
        "revenues": 13463000000,
        "sellingandmarketingexpense": 1897000000,
        "cloudsoftwaresubscriptionscosts": 165000000,
        "cloudinfrastructureasaservicecost": 87000000,
        "costofservicesmaintenancecosts": 296000000,
        "hardwaresystemsproductscost": 369000000,
        "hardwaresystemssupportcost": 218000000,
        "costofservices": 764000000,
        "researchanddevelopmentexpense": 1389000000,
        "generalandadministrativeexpense": 271000000,
        "amortizationofintangibleassets": -30000000,
        "businesscombinationacquisitionrelatedcosts": -21000000,
        "restructuringcharges": 51000000,
        "costsandexpenses": 6055000000,
        "operatingincomeloss": 3543000000,
        "interestexpense": 283000000,
        "nonoperatingincomeexpense": 9000000,
        "incomelossfromcontinuingoperationsbeforeincometaxesextraordinaryitemsnoncontrollinginterest": 3269000000,
        "incometaxexpensebenefit": 768000000,
        "netincomeloss": 2501000000,
        "earningspersharebasic": 0.5700000000000001,
        "earningspersharediluted": 0.56,
        "weightedaveragenumberofsharesoutstandingbasic": -17000000,
        "weightedaveragenumberofdilutedsharesoutstanding": -21000000,
        "commonstockdividendspersharecashpaid": 0.12,
        "othercomprehensiveincomelossforeigncurrencytransactionandtranslationadjustmentnetoftax": -284000000,
        "othercomprehensiveincomedefinedbenefitplansnetunamortizedgainlossarisingduringperiodnetoftax": 3000000,
        "othercomprehensiveincomelossavailableforsalesecuritiesadjustmentnetoftax": 5000000,
        "othercomprehensiveincomelossderivativesqualifyingashedgesnetoftax": 1000000,
        "othercomprehensiveincomelossnetoftaxportionattributabletoparent": -275000000,
        "comprehensiveincomenetoftax": 2226000000
    },
    {
        "date": "2014-08-30",
        "symbol": "ORCL",
        "period": "Q1",
        "licensesrevenue": 1370000000,
        "cloudsoftwaresubscriptions": 337000000,
        "cloudinfrastructure-as-a-service": 138000000,
        "maintenancerevenue": 4731000000,
        "softwareandcloudrevenues": 6576000000,
        "hardwaresystemsproductsrevenues": 578000000,
        "hardwaresystemssupportrevenues": 587000000,
        "hardwaresystemsrevenues": 1165000000,
        "salesrevenueservicesnet": 855000000,
        "revenues": 4731000000,
        "sellingandmarketingexpense": 1706000000,
        "cloudsoftwaresubscriptionscosts": 149000000,
        "cloudinfrastructureasaservicecost": 79000000,
        "costofservicesmaintenancecosts": 272000000,
        "hardwaresystemsproductscost": 298000000,
        "hardwaresystemssupportcost": 192000000,
        "costofservices": 691000000,
        "researchanddevelopmentexpense": 1329000000,
        "generalandadministrativeexpense": 276000000,
        "amortizationofintangibleassets": 72000000,
        "businesscombinationacquisitionrelatedcosts": 25000000,
        "restructuringcharges": 69000000,
        "costsandexpenses": 5633000000,
        "operatingincomeloss": 2963000000,
        "interestexpense": 261000000,
        "nonoperatingincomeexpense": 16000000,
        "incomelossfromcontinuingoperationsbeforeincometaxesextraordinaryitemsnoncontrollinginterest": 2718000000,
        "incometaxexpensebenefit": 534000000,
        "netincomeloss": 2184000000,
        "earningspersharebasic": 0.49,
        "earningspersharediluted": 0.48,
        "weightedaveragenumberofsharesoutstandingbasic": 4451000000,
        "weightedaveragenumberofdilutedsharesoutstanding": 4548000000,
        "commonstockdividendspersharecashpaid": 0.12,
        "othercomprehensiveincomelossforeigncurrencytransactionandtranslationadjustmentnetoftax": -83000000,
        "othercomprehensiveincomedefinedbenefitplansnetunamortizedgainlossarisingduringperiodnetoftax": 3000000,
        "othercomprehensiveincomelossavailableforsalesecuritiesadjustmentnetoftax": 16000000,
        "othercomprehensiveincomelossderivativesqualifyingashedgesnetoftax": 35000000,
        "othercomprehensiveincomelossnetoftaxportionattributabletoparent": -29000000,
        "comprehensiveincomenetoftax": 2155000000
    },
    {
        "date": "2013-11-29",
        "symbol": "ORCL",
        "period": "Q2",
        "newsoftwarelicensesandcloudsoftwaresubscriptions": 2380000000,
        "maintenancerevenue": 4516000000,
        "licenseandmaintenancerevenue": 6896000000,
        "hardwaresystemsproductsrevenues": 714000000,
        "hardwaresystemssupportrevenues": 609000000,
        "hardwaresystemsrevenues": 1323000000,
        "salesrevenueservicesnet": 1056000000,
        "revenues": 4517000000,
        "sellingandmarketingexpense": 1965000000,
        "costofservicesmaintenancecosts": 285000000,
        "hardwaresystemsproductscost": 369000000,
        "hardwaresystemssupportcost": 214000000,
        "costofservices": 851000000,
        "researchanddevelopmentexpense": 1273000000,
        "generalandadministrativeexpense": 262000000,
        "amortizationofintangibleassets": 577000000,
        "businesscombinationacquisitionrelatedcosts": 17000000,
        "restructuringcharges": 52000000,
        "costsandexpenses": 5865000000,
        "operatingincomeloss": 3410000000,
        "interestexpense": 230000000,
        "nonoperatingincomeexpense": 23000000,
        "incomelossfromcontinuingoperationsbeforeincometaxesextraordinaryitemsnoncontrollinginterest": 3203000000,
        "incometaxexpensebenefit": 650000000,
        "netincomeloss": 2553000000,
        "earningspersharebasic": 0.56,
        "earningspersharediluted": 0.56,
        "weightedaveragenumberofsharesoutstandingbasic": 4535000000,
        "weightedaveragenumberofdilutedsharesoutstanding": 4600000000,
        "commonstockdividendspersharecashpaid": 0.12,
        "othercomprehensiveincomelossforeigncurrencytransactionandtranslationadjustmentnetoftax": 80000000,
        "othercomprehensiveincomedefinedbenefitplansnetunamortizedgainlossarisingduringperiodnetoftax": 3000000,
        "othercomprehensiveincomelossavailableforsalesecuritiesadjustmentnetoftax": 11000000,
        "othercomprehensiveincomelossderivativesqualifyingashedgesnetoftax": 24000000,
        "othercomprehensiveincomelossnetoftaxportionattributabletoparent": 118000000,
        "comprehensiveincomenetoftax": 2671000000
    },
    {
        "date": "2013-08-30",
        "symbol": "ORCL",
        "period": "Q1",
        "newsoftwarelicensesandcloudsoftwaresubscriptions": 1653000000,
        "maintenancerevenue": 4431000000,
        "licenseandmaintenancerevenue": 6084000000,
        "hardwaresystemsproductsrevenues": 669000000,
        "hardwaresystemssupportrevenues": 592000000,
        "hardwaresystemsrevenues": 1261000000,
        "salesrevenueservicesnet": 1027000000,
        "revenues": 1653000000,
        "sellingandmarketingexpense": 1708000000,
        "costofservicesmaintenancecosts": 288000000,
        "hardwaresystemsproductscost": 330000000,
        "hardwaresystemssupportcost": 209000000,
        "costofservices": 806000000,
        "researchanddevelopmentexpense": 1237000000,
        "generalandadministrativeexpense": 260000000,
        "amortizationofintangibleassets": 595000000,
        "businesscombinationacquisitionrelatedcosts": 10000000,
        "restructuringcharges": 56000000,
        "costsandexpenses": 5499000000,
        "operatingincomeloss": 2873000000,
        "interestexpense": 217000000,
        "nonoperatingincomeexpense": 7000000,
        "incomelossfromcontinuingoperationsbeforeincometaxesextraordinaryitemsnoncontrollinginterest": 2663000000,
        "incometaxexpensebenefit": 472000000,
        "netincomeloss": 2191000000,
        "earningspersharebasic": 0.48,
        "earningspersharediluted": 0.47,
        "weightedaveragenumberofsharesoutstandingbasic": 4608000000,
        "weightedaveragenumberofdilutedsharesoutstanding": 4674000000,
        "commonstockdividendspersharecashpaid": 0.12,
        "othercomprehensiveincomelossforeigncurrencytransactionandtranslationadjustmentnetoftax": -187000000,
        "othercomprehensiveincomedefinedbenefitplansnetunamortizedgainlossarisingduringperiodnetoftax": 3000000,
        "othercomprehensiveincomelossavailableforsalesecuritiesadjustmentnetoftax": -29000000,
        "othercomprehensiveincomelossderivativesqualifyingashedgesnetoftax": -32000000,
        "othercomprehensiveincomelossnetoftaxportionattributabletoparent": -245000000,
        "comprehensiveincomenetoftax": 1946000000
    },
    {
        "date": "2013-02-27",
        "symbol": "ORCL",
        "period": "Q3",
        "newsoftwarelicensesandcloudsoftwaresubscriptions": 2332000000,
        "maintenancerevenue": 4340000000,
        "licenseandmaintenancerevenue": 6672000000,
        "hardwaresystemsproductsrevenues": 671000000,
        "hardwaresystemssupportrevenues": 570000000,
        "hardwaresystemsrevenues": 1241000000,
        "salesrevenueservicesnet": 1045000000,
        "revenues": 8958000000,
        "sellingandmarketingexpense": 1802000000,
        "costofservicesmaintenancecosts": 306000000,
        "hardwaresystemsproductscost": 337000000,
        "hardwaresystemssupportcost": 219000000,
        "costofservices": 854000000,
        "researchanddevelopmentexpense": 1186000000,
        "generalandadministrativeexpense": 260000000,
        "amortizationofintangibleassets": 586000000,
        "businesscombinationacquisitionrelatedcosts": 32000000,
        "restructuringcharges": 42000000,
        "costsandexpenses": 5624000000,
        "operatingincomeloss": 3334000000,
        "interestexpense": 205000000,
        "nonoperatingincomeexpense": -39000000,
        "totalincomebeforeprovisionforincometaxes": 3090000000,
        "incometaxexpensebenefitcontinuingoperations": 586000000,
        "netincomeloss": 2504000000,
        "earningspersharebasic": 0.53,
        "earningspersharediluted": 0.52,
        "weightedaveragenumberofsharesoutstandingbasic": 4735000000,
        "weightedaveragenumberofdilutedsharesoutstanding": 4812000000,
        "commonstockdividendspersharecashpaid": 0.18,
        "othercomprehensiveincomelossforeigncurrencytransactionandtranslationadjustmentnetoftax": -22000000,
        "othercomprehensiveincomedefinedbenefitplansnetunamortizedgainlossarisingduringperiodnetoftax": 2000000,
        "othercomprehensiveincomelossavailableforsalesecuritiesadjustmentnetoftax": -48000000,
        "othercomprehensiveincomelossnetoftaxportionattributabletoparent": -68000000,
        "comprehensiveincomenetoftax": 2436000000
    },
    {
        "date": "2012-11-29",
        "symbol": "ORCL",
        "period": "Q2",
        "newsoftwarelicensesandcloudsoftwaresubscriptions": 2389000000,
        "maintenancerevenue": 4260000000,
        "licenseandmaintenancerevenue": 6649000000,
        "hardwaresystemsproductsrevenues": 734000000,
        "hardwaresystemssupportrevenues": 587000000,
        "hardwaresystemsrevenues": 1321000000,
        "salesrevenueservicesnet": 1124000000,
        "revenues": 9094000000,
        "sellingandmarketingexpense": 1773000000,
        "costofservicesmaintenancecosts": 270000000,
        "hardwaresystemsproductscost": 367000000,
        "hardwaresystemssupportcost": 227000000,
        "costofservices": 930000000,
        "researchanddevelopmentexpense": 1199000000,
        "generalandadministrativeexpense": 263000000,
        "amortizationofintangibleassets": 584000000,
        "businesscombinationacquisitionrelatedcosts": -121000000,
        "restructuringcharges": 131000000,
        "costsandexpenses": 5623000000,
        "operatingincomeloss": 3471000000,
        "interestexpense": 195000000,
        "nonoperatingincomeexpense": 4000000,
        "totalincomebeforeprovisionforincometaxes": 3280000000,
        "incometaxexpensebenefitcontinuingoperations": 699000000,
        "netincomeloss": 2581000000,
        "earningspersharebasic": 0.54,
        "earningspersharediluted": 0.53,
        "weightedaveragenumberofsharesoutstandingbasic": 4792000000,
        "weightedaveragenumberofdilutedsharesoutstanding": 4868000000,
        "commonstockdividendspersharecashpaid": 0.06,
        "othercomprehensiveincomelossforeigncurrencytransactionandtranslationadjustmentnetoftax": 10000000,
        "othercomprehensiveincomedefinedbenefitplansnetunamortizedgainlossarisingduringperiodnetoftax": -1000000,
        "othercomprehensiveincomelossavailableforsalesecuritiesadjustmentnetoftax": -98000000,
        "othercomprehensiveincomelossnetoftaxportionattributabletoparent": -89000000,
        "comprehensiveincomenetoftax": 2492000000
    },
    {
        "date": "2012-08-30",
        "symbol": "ORCL",
        "period": "Q1",
        "newsoftwarelicensesandcloudsoftwaresubscriptions": 1574000000,
        "maintenancerevenue": 4140000000,
        "licenseandmaintenancerevenue": 5714000000,
        "hardwaresystemsproductsrevenues": 779000000,
        "hardwaresystemssupportrevenues": 574000000,
        "hardwaresystemsrevenues": 1353000000,
        "salesrevenueservicesnet": 1114000000,
        "revenues": 8181000000,
        "sellingandmarketingexpense": 1545000000,
        "costofservicesmaintenancecosts": 283000000,
        "hardwaresystemsproductscost": 384000000,
        "hardwaresystemssupportcost": 224000000,
        "costofservices": 884000000,
        "researchanddevelopmentexpense": 1201000000,
        "generalandadministrativeexpense": 275000000,
        "amortizationofintangibleassets": 619000000,
        "businesscombinationacquisitionrelatedcosts": -258000000,
        "restructuringcharges": 145000000,
        "costsandexpenses": 5302000000,
        "operatingincomeloss": 2879000000,
        "interestexpense": 188000000,
        "nonoperatingincomeexpense": 11000000,
        "totalincomebeforeprovisionforincometaxes": 2702000000,
        "incometaxexpensebenefitcontinuingoperations": 668000000,
        "netincomeloss": 2034000000,
        "earningspersharebasic": 0.42,
        "earningspersharediluted": 0.41,
        "weightedaveragenumberofsharesoutstandingbasic": 4867000000,
        "weightedaveragenumberofdilutedsharesoutstanding": 4939000000,
        "commonstockdividendspersharecashpaid": 0.06,
        "othercomprehensiveincomelossforeigncurrencytransactionandtranslationadjustmentnetoftax": 67000000,
        "othercomprehensiveincomedefinedbenefitplansnetunamortizedgainlossarisingduringperiodnetoftax": 5000000,
        "othercomprehensiveincomelossavailableforsalesecuritiesadjustmentnetoftax": 127000000,
        "othercomprehensiveincomelossnetoftaxportionattributabletoparent": 199000000,
        "comprehensiveincomenetoftax": 2233000000
    },
    {
        "date": "2012-02-28",
        "symbol": "ORCL",
        "period": "Q3",
        "licensesrevenue": 2374000000,
        "maintenancerevenue": 4051000000,
        "licenseandmaintenancerevenue": 6425000000,
        "hardwaresystemsproductsrevenues": 869000000,
        "hardwaresystemssupportrevenues": 604000000,
        "hardwaresystemsrevenues": 1473000000,
        "salesrevenueservicesnet": 1141000000,
        "revenues": 9039000000,
        "sellingandmarketingexpense": 1700000000,
        "costofservicesmaintenancecosts": 305000000,
        "hardwaresystemsproductscost": 424000000,
        "hardwaresystemssupportcost": 257000000,
        "costofservices": 922000000,
        "researchanddevelopmentexpense": 1145000000,
        "generalandadministrativeexpense": 261000000,
        "amortizationofintangibleassets": 606000000,
        "businesscombinationacquisitionrelatedcosts": 38000000,
        "restructuringcharges": 64000000,
        "costsandexpenses": 5722000000,
        "operatingincomeloss": 3317000000,
        "interestexpense": 190000000,
        "nonoperatingincomeexpense": 21000000,
        "totalincomebeforeprovisionforincometaxes": 3148000000,
        "incometaxexpensebenefit": 650000000,
        "netincomelossavailabletocommonstockholdersbasic": 2498000000,
        "earningspersharebasic": 0.5,
        "earningspersharediluted": 0.49,
        "weightedaveragenumberofsharesoutstandingbasic": 5007000000,
        "weightedaveragenumberofdilutedsharesoutstanding": 5080000000,
        "commonstockdividendspersharecashpaid": 0.06
    },
    {
        "date": "2011-11-29",
        "symbol": "ORCL",
        "period": "Q2",
        "licensesrevenue": 2048000000,
        "maintenancerevenue": 3986000000,
        "licenseandmaintenancerevenue": 6034000000,
        "hardwaresystemsproductsrevenues": 953000000,
        "hardwaresystemssupportrevenues": 625000000,
        "hardwaresystemsrevenues": 1578000000,
        "salesrevenueservicesnet": 1180000000,
        "revenues": 8792000000,
        "sellingandmarketingexpense": 1697000000,
        "costofservicesmaintenancecosts": 298000000,
        "hardwaresystemsproductscost": 471000000,
        "hardwaresystemssupportcost": 258000000,
        "costofservices": 929000000,
        "researchanddevelopmentexpense": 1102000000,
        "generalandadministrativeexpense": 277000000,
        "amortizationofintangibleassets": 592000000,
        "businesscombinationacquisitionrelatedcosts": 5000000,
        "restructuringcharges": 52000000,
        "costsandexpenses": 5681000000,
        "operatingincomeloss": 3111000000,
        "interestexpense": 192000000,
        "nonoperatingincomeexpense": 41000000,
        "totalincomebeforeprovisionforincometaxes": 2960000000,
        "incometaxexpensebenefit": 768000000,
        "netincomelossavailabletocommonstockholdersbasic": 2192000000,
        "earningspersharebasic": 0.43,
        "earningspersharediluted": 0.43,
        "weightedaveragenumberofsharesoutstandingbasic": 5041000000,
        "weightedaveragenumberofdilutedsharesoutstanding": 5123000000,
        "commonstockdividendspersharecashpaid": 0.06
    },
    {
        "date": "2011-08-30",
        "symbol": "ORCL",
        "period": "Q1",
        "licensesrevenue": 1498000000,
        "maintenancerevenue": 4022000000,
        "licenseandmaintenancerevenue": 5520000000,
        "hardwaresystemsproductsrevenues": 1029000000,
        "hardwaresystemssupportrevenues": 645000000,
        "hardwaresystemsrevenues": 1674000000,
        "salesrevenueservicesnet": 1180000000,
        "revenues": 8374000000,
        "sellingandmarketingexpense": 1630000000,
        "costofservicesmaintenancecosts": 297000000,
        "hardwaresystemsproductscost": 472000000,
        "hardwaresystemssupportcost": 283000000,
        "costofservices": 936000000,
        "researchanddevelopmentexpense": 1050000000,
        "generalandadministrativeexpense": 311000000,
        "amortizationofintangibleassets": 592000000,
        "businesscombinationacquisitionrelatedcosts": 19000000,
        "restructuringcharges": 101000000,
        "costsandexpenses": 5691000000,
        "operatingincomeloss": 2683000000,
        "interestexpense": 192000000,
        "nonoperatingincomeexpense": -20000000,
        "totalincomebeforeprovisionforincometaxes": 2471000000,
        "incometaxexpensebenefit": 631000000,
        "netincomelossavailabletocommonstockholdersbasic": 1840000000,
        "earningspersharebasic": 0.36,
        "earningspersharediluted": 0.36,
        "weightedaveragenumberofsharesoutstandingbasic": 5062000000,
        "weightedaveragenumberofdilutedsharesoutstanding": 5150000000,
        "commonstockdividendspersharecashpaid": 0.06
    },
    {
        "date": "2011-02-27",
        "symbol": "ORCL",
        "period": "Q3",
        "licensesrevenuenew": 2214000000,
        "licensesrevenuesupdatesandsupport": 3740000000,
        "licensesrevenue": 5954000000,
        "salesrevenuegoodsnet": 1035000000,
        "salesrevenueservicesnet": 629000000,
        "salesrevenuenet": 1664000000,
        "technologyservicesrevenue": 1146000000,
        "revenues": 8764000000,
        "sellingandmarketingexpense": 1618000000,
        "licensecosts": 299000000,
        "costofrevenue": 465000000,
        "costofservices": 294000000,
        "technologyservicescosts": 954000000,
        "researchanddevelopmentexpensesoftwareexcludingacquiredinprocesscost": 1127000000,
        "generalandadministrativeexpense": 286000000,
        "amortizationofintangibleassets": 612000000,
        "businesscombinationacquisitionrelatedcosts": 30000000,
        "restructuringcharges": 92000000,
        "costsandexpenses": 5777000000,
        "operatingincomeloss": 2987000000,
        "interestexpense": 204000000,
        "nonoperatingincomeexpense": 16000000,
        "incomelossfromcontinuingoperationsbeforeincometaxes": 2799000000,
        "incometaxexpensebenefit": 683000000,
        "netincomelossavailabletocommonstockholdersbasic": 2116000000,
        "earningspersharebasic": 0.42,
        "earningspersharediluted": 0.41,
        "weightedaveragenumberofsharesoutstandingbasic": 5057000000,
        "weightedaveragenumberofdilutedsharesoutstanding": 5149000000,
        "commonstockdividendspersharedeclared": 0.05
    },
    {
        "date": "2010-11-29",
        "symbol": "ORCL",
        "period": "Q2",
        "licensesrevenuenew": 1999000000,
        "licensesrevenuesupdatesandsupport": 3645000000,
        "licensesrevenue": 5644000000,
        "salesrevenuegoodsnet": 1112000000,
        "salesrevenueservicesnet": 641000000,
        "salesrevenuenet": 1753000000,
        "technologyservicesrevenue": 1185000000,
        "revenues": 8582000000,
        "sellingandmarketingexpense": 1530000000,
        "licensecosts": 307000000,
        "costofrevenue": 525000000,
        "costofservices": 356000000,
        "technologyservicescosts": 969000000,
        "researchanddevelopmentexpensesoftwareexcludingacquiredinprocesscost": 1119000000,
        "generalandadministrativeexpense": 156000000,
        "amortizationofintangibleassets": 614000000,
        "businesscombinationacquisitionrelatedcosts": 47000000,
        "restructuringcharges": 189000000,
        "costsandexpenses": 5812000000,
        "operatingincomeloss": 2770000000,
        "interestexpense": 214000000,
        "nonoperatingincomeexpense": 90000000,
        "incomelossfromcontinuingoperationsbeforeincometaxes": 2646000000,
        "incometaxexpensebenefit": 776000000,
        "netincomelossavailabletocommonstockholdersbasic": 1870000000,
        "earningspersharebasic": 0.37,
        "earningspersharediluted": 0.37,
        "weightedaveragenumberofsharesoutstandingbasic": 5044000000,
        "weightedaveragenumberofdilutedsharesoutstanding": 5117000000,
        "commonstockdividendspersharedeclared": 0.05
    },
    {
        "date": "2010-02-27",
        "symbol": "ORCL",
        "period": "Q3",
        "licensesrevenuenew": 1718000000,
        "licensesrevenuesupdatesandsupport": 3297000000,
        "licensesrevenue": 5015000000,
        "salesrevenuegoodsnet": 273000000,
        "salesrevenueservicesnet": 185000000,
        "salesrevenuenet": 458000000,
        "technologyservicesrevenue": 931000000,
        "revenues": 6404000000,
        "sellingandmarketingexpense": 1241000000,
        "licensecosts": 281000000,
        "costofrevenue": 206000000,
        "costofservices": 116000000,
        "technologyservicescosts": 816000000,
        "researchanddevelopmentexpensesoftwareexcludingacquiredinprocesscost": 823000000,
        "generalandadministrativeexpense": 236000000,
        "amortizationofintangibleassets": 502000000,
        "businesscombinationacquisitionrelatedcosts": 34000000,
        "restructuringcharges": 306000000,
        "costsandexpenses": 4561000000,
        "operatingincomeloss": 1843000000,
        "interestexpense": -186000000,
        "nonoperatingincomeexpense": -75000000,
        "incomelossfromcontinuingoperationsbeforeincometaxes": 1582000000,
        "incometaxexpensebenefit": 393000000,
        "netincomelossavailabletocommonstockholdersbasic": 1189000000,
        "earningspersharebasic": 0.24,
        "earningspersharediluted": 0.23,
        "weightedaveragenumberofsharesoutstandingbasic": 5015000000,
        "weightedaveragenumberofdilutedsharesoutstanding": 5076000000,
        "commonstockdividendspersharedeclared": 0.05
    },
    {
        "date": "2009-11-29",
        "symbol": "ORCL",
        "period": "Q2",
        "licensesrevenuenew": 1653000000,
        "licensesrevenuesupdatesandsupport": 3247000000,
        "licensesrevenue": 4900000000,
        "technologyservicesrevenue": 958000000,
        "revenues": 5858000000,
        "sellingandmarketingexpense": 1133000000,
        "licensecosts": 264000000,
        "technologyservicescosts": 832000000,
        "researchanddevelopmentexpensesoftwareexcludingacquiredinprocesscost": 708000000,
        "generalandadministrativeexpense": 183000000,
        "amortizationofintangibleassets": 436000000,
        "businesscombinationacquisitionrelatedcosts": 10000000,
        "restructuringcharges": 114000000,
        "costsandexpenses": 3680000000,
        "operatingincomeloss": 2178000000,
        "interestexpense": -188000000,
        "nonoperatingincomeexpense": 33000000,
        "incomelossfromcontinuingoperationsbeforeincometaxes": 2023000000,
        "incometaxexpensebenefit": 565000000,
        "netincomelossavailabletocommonstockholdersbasic": 1458000000,
        "earningspersharebasic": 0.29,
        "earningspersharediluted": 0.29,
        "weightedaveragenumberofsharesoutstandingbasic": 5010000000,
        "weightedaveragenumberofdilutedsharesoutstanding": 5064000000,
        "commonstockdividendspersharedeclared": 0.05
    },
    {
        "date": "2009-08-30",
        "symbol": "ORCL",
        "period": "Q1",
        "licensesrevenuenew": 1028000000,
        "licensesrevenuesupdatesandsupport": 3117000000,
        "licensesrevenue": 4145000000,
        "technologyservicesrevenue": 909000000,
        "revenues": 5054000000,
        "sellingandmarketingexpense": 960000000,
        "licensecosts": 226000000,
        "technologyservicescosts": 782000000,
        "researchanddevelopmentexpensesoftwareexcludingacquiredinprocesscost": 660000000,
        "generalandadministrativeexpense": 201000000,
        "amortizationofintangibleassets": 431000000,
        "businesscombinationacquisitionrelatedcosts": 6000000,
        "restructuringcharges": 48000000,
        "costsandexpenses": 3314000000,
        "operatingincomeloss": 1740000000,
        "interestexpense": -179000000,
        "nonoperatingincomeexpense": 1000000,
        "incomelossfromcontinuingoperationsbeforeincometaxes": 1562000000,
        "incometaxexpensebenefit": 438000000,
        "netincomelossavailabletocommonstockholdersbasic": 1124000000,
        "earningspersharebasic": 0.22,
        "earningspersharediluted": 0.22,
        "weightedaveragenumberofsharesoutstandingbasic": 5009000000,
        "weightedaveragenumberofdilutedsharesoutstanding": 5063000000,
        "commonstockdividendspersharedeclared": 0.05
    }
]