[
    {
        "date": "2024-03-30",
        "symbol": "ZTS",
        "period": "Q1",
        "revenues": 2190000000,
        "costofgoodsandservicessold": 643000000,
        "sellinggeneralandadministrativeexpense": 547000000,
        "researchanddevelopmentexpenseexcludingacquiredinprocesscost": 162000000,
        "amortizationofintangibleassetsnotassociatedwithsinglefunction": 37000000,
        "restructuringchargesandacquisitionrelatedcosts": 4000000,
        "interestexpense": 58000000,
        "nonoperatingincomeexpense": 8000000,
        "incomelossfromcontinuingoperationsbeforeincometaxesextraordinaryitemsnoncontrollinginterest": 747000000,
        "incometaxexpensebenefit": 148000000,
        "profitloss": 599000000,
        "netincomeloss": 599000000,
        "earningspersharebasic": 1.31,
        "earningspersharediluted": 1.31,
        "weightedaveragenumberofsharesoutstandingbasic": 458000000,
        "weightedaveragenumberofdilutedsharesoutstanding": 458800000,
        "commonstockdividendspersharedeclared": 0.432,
        "othercomprehensiveincomelosscashflowhedgegainlossafterreclassificationandtax": 16000000,
        "othercomprehensiveincomelossforeigncurrencytransactionandtranslationadjustmentnetoftax": -18000000,
        "othercomprehensiveincomelossnetoftax": -2000000,
        "comprehensiveincomenetoftaxincludingportionattributabletononcontrollinginterest": 597000000,
        "comprehensiveincomenetoftax": 597000000,
        "othercomprehensiveincomelosscashflowhedgegainlossafterreclassificationtax": 5000000
    },
    {
        "date": "2023-12-30",
        "symbol": "ZTS",
        "period": "Q4",
        "revenues": 2213000000,
        "costofgoodsandservicessold": 728000000,
        "sellinggeneralandadministrativeexpense": 565000000,
        "researchanddevelopmentexpenseexcludingacquiredinprocesscost": 174000000,
        "amortizationofintangibleassetsnotassociatedwithsinglefunction": 37000000,
        "restructuringchargesandacquisitionrelatedcosts": 8000000,
        "interestexpense": 59000000,
        "nonoperatingincomeexpense": 8000000,
        "incomelossfromcontinuingoperationsbeforeincometaxesextraordinaryitemsnoncontrollinginterest": 650000000,
        "incometaxexpensebenefit": 127000000,
        "profitloss": 523000000,
        "netincomeloss": 525000000,
        "earningspersharebasic": 1.1400000000000001,
        "earningspersharediluted": 1.1400000000000001,
        "weightedaveragenumberofsharesoutstandingbasic": 461172000,
        "weightedaveragenumberofdilutedsharesoutstanding": 462269000,
        "othercomprehensiveincomelossnetoftax": -25000000,
        "comprehensiveincomenetoftaxincludingportionattributabletononcontrollinginterest": 498000000,
        "comprehensiveincomenetoftax": 500000000
    },
    {
        "date": "2023-09-29",
        "symbol": "ZTS",
        "period": "Q3",
        "revenues": 2151000000,
        "costofgoodsandservicessold": 638000000,
        "sellinggeneralandadministrativeexpense": 525000000,
        "researchanddevelopmentexpenseexcludingacquiredinprocesscost": 152000000,
        "amortizationofintangibleassetsnotassociatedwithsinglefunction": 38000000,
        "restructuringchargesandacquisitionrelatedcosts": 16000000,
        "interestexpense": 59000000,
        "nonoperatingincomeexpense": -6000000,
        "incomelossfromcontinuingoperationsbeforeincometaxesextraordinaryitemsnoncontrollinginterest": 717000000,
        "incometaxexpensebenefit": 121000000,
        "profitloss": 596000000,
        "netincomelossattributabletononcontrollinginterest": 0,
        "netincomeloss": 596000000,
        "earningspersharebasic": 1.2999999999999998,
        "earningspersharediluted": 1.29,
        "weightedaveragenumberofsharesoutstandingbasic": -800000,
        "weightedaveragenumberofdilutedsharesoutstanding": -800000,
        "commonstockdividendspersharedeclared": 0,
        "othercomprehensiveincomelosscashflowhedgegainlossafterreclassificationandtax": 8000000,
        "othercomprehensiveincomelossforeigncurrencytransactionandtranslationadjustmentnetoftax": 60000000,
        "othercomprehensiveincomelossnetoftax": 81000000,
        "comprehensiveincomenetoftaxincludingportionattributabletononcontrollinginterest": 677000000,
        "comprehensiveincomenetoftaxattributabletononcontrollinginterest": 0,
        "comprehensiveincomenetoftax": 677000000
    },
    {
        "date": "2023-06-29",
        "symbol": "ZTS",
        "period": "Q2",
        "revenues": 2180000000,
        "costofgoodsandservicessold": 607000000,
        "sellinggeneralandadministrativeexpense": 556000000,
        "researchanddevelopmentexpenseexcludingacquiredinprocesscost": 146000000,
        "amortizationofintangibleassetsnotassociatedwithsinglefunction": 37000000,
        "restructuringchargesandacquisitionrelatedcosts": 8000000,
        "interestexpense": 58000000,
        "nonoperatingincomeexpense": 104000000,
        "incomelossfromcontinuingoperationsbeforeincometaxesextraordinaryitemsnoncontrollinginterest": 872000000,
        "incometaxexpensebenefit": 202000000,
        "profitloss": 670000000,
        "netincomelossattributabletononcontrollinginterest": -1000000,
        "netincomeloss": 671000000,
        "earningspersharebasic": 1.4500000000000002,
        "earningspersharediluted": 1.4500000000000002,
        "weightedaveragenumberofsharesoutstandingbasic": -800000,
        "weightedaveragenumberofdilutedsharesoutstanding": -800000,
        "commonstockdividendspersharedeclared": 0.375,
        "othercomprehensiveincomelosscashflowhedgegainlossafterreclassificationandtax": -1000000,
        "othercomprehensiveincomelossforeigncurrencytransactionandtranslationadjustmentnetoftax": -59000000,
        "othercomprehensiveincomelosspensionandotherpostretirementbenefitplansadjustmentnetoftax": 0,
        "othercomprehensiveincomelossnetoftax": -67000000,
        "comprehensiveincomenetoftaxincludingportionattributabletononcontrollinginterest": 603000000,
        "comprehensiveincomenetoftaxattributabletononcontrollinginterest": -1000000,
        "comprehensiveincomenetoftax": 604000000,
        "othercomprehensiveincomelosscashflowhedgegainlossafterreclassificationtax": 0,
        "othercomprehensiveincomelossreclassificationadjustmentfromaocipensionandotherpostretirementbenefitplansfornetgainlosstax": 0
    },
    {
        "date": "2023-03-30",
        "symbol": "ZTS",
        "period": "Q1",
        "revenues": 2000000000,
        "costofgoodsandservicessold": 588000000,
        "sellinggeneralandadministrativeexpense": 505000000,
        "researchanddevelopmentexpenseexcludingacquiredinprocesscost": 142000000,
        "amortizationofintangibleassetsnotassociatedwithsinglefunction": 37000000,
        "restructuringchargesandacquisitionrelatedcosts": 21000000,
        "interestexpense": 63000000,
        "nonoperatingincomeexpense": 53000000,
        "incomelossfromcontinuingoperationsbeforeincometaxesextraordinaryitemsnoncontrollinginterest": 697000000,
        "incometaxexpensebenefit": 146000000,
        "profitloss": 551000000,
        "netincomelossattributabletononcontrollinginterest": -1000000,
        "netincomeloss": 552000000,
        "earningspersharebasic": 1.19,
        "earningspersharediluted": 1.19,
        "weightedaveragenumberofsharesoutstandingbasic": 463500000,
        "weightedaveragenumberofdilutedsharesoutstanding": 464600000,
        "commonstockdividendspersharedeclared": 0.375,
        "othercomprehensiveincomelosscashflowhedgegainlossafterreclassificationandtax": -2000000,
        "othercomprehensiveincomelossforeigncurrencytransactionandtranslationadjustmentnetoftax": -7000000,
        "othercomprehensiveincomelosspensionandotherpostretirementbenefitplansadjustmentnetoftax": -4000000,
        "othercomprehensiveincomelossnetoftax": -11000000,
        "comprehensiveincomenetoftaxincludingportionattributabletononcontrollinginterest": 540000000,
        "comprehensiveincomenetoftaxattributabletononcontrollinginterest": -1000000,
        "comprehensiveincomenetoftax": 541000000,
        "othercomprehensiveincomelosscashflowhedgegainlossafterreclassificationtax": -1000000,
        "othercomprehensiveincomelossreclassificationadjustmentfromaocipensionandotherpostretirementbenefitplansfornetgainlosstax": 1000000
    },
    {
        "date": "2022-12-30",
        "symbol": "ZTS",
        "period": "Q4",
        "revenues": 184000000,
        "costofgoodsandservicessold": 274000000,
        "sellinggeneralandadministrativeexpense": 514000000,
        "researchanddevelopmentexpenseexcludingacquiredinprocesscost": 148000000,
        "amortizationofintangibleassetsnotassociatedwithsinglefunction": 35000000,
        "restructuringchargesandacquisitionrelatedcosts": 2000000,
        "interestexpense": 62000000,
        "nonoperatingincomeexpense": -8000000,
        "incomelossfromcontinuingoperationsbeforeincometaxesextraordinaryitemsnoncontrollinginterest": -302000000,
        "incometaxexpensebenefit": -65000000,
        "netincomeloss": 461000000,
        "earningspersharebasic": 0.99,
        "earningspersharediluted": 0.9800000000000002,
        "weightedaveragenumberofsharesoutstandingbasic": -1109000,
        "weightedaveragenumberofdilutedsharesoutstanding": -1215000,
        "othercomprehensiveincomelossforeigncurrencytransactionandtranslationadjustmentnetoftax": 20000000,
        "comprehensiveincomenetoftaxincludingportionattributabletononcontrollinginterest": 452000000,
        "comprehensiveincomenetoftax": 453000000
    },
    {
        "date": "2022-09-29",
        "symbol": "ZTS",
        "period": "Q3",
        "revenues": 2002000000,
        "costofgoodsandservicessold": 607000000,
        "sellinggeneralandadministrativeexpense": 501000000,
        "researchanddevelopmentexpenseexcludingacquiredinprocesscost": 134000000,
        "amortizationofintangibleassetsnotassociatedwithsinglefunction": 37000000,
        "restructuringchargesandacquisitionrelatedcosts": 6000000,
        "interestexpense": 53000000,
        "nonoperatingincomeexpense": 3000000,
        "incomelossfromcontinuingoperationsbeforeincometaxesextraordinaryitemsnoncontrollinginterest": 667000000,
        "incometaxexpensebenefit": 139000000,
        "profitloss": 528000000,
        "netincomeloss": 529000000,
        "earningspersharebasic": 1.1299999999999997,
        "earningspersharediluted": 1.1299999999999997,
        "weightedaveragenumberofsharesoutstandingbasic": -1100000,
        "weightedaveragenumberofdilutedsharesoutstanding": -1200000,
        "commonstockdividendspersharedeclared": 0,
        "othercomprehensiveincomelosscashflowhedgegainlossafterreclassificationandtax": 30000000,
        "othercomprehensiveincomelossforeigncurrencytransactionandtranslationadjustmentnetoftax": -156000000,
        "othercomprehensiveincomelossnetoftax": -87000000,
        "comprehensiveincomenetoftaxincludingportionattributabletononcontrollinginterest": 441000000,
        "comprehensiveincomenetoftax": 442000000,
        "othercomprehensiveincomelosscashflowhedgegainlossafterreclassificationtax": 9000000
    },
    {
        "date": "2022-06-29",
        "symbol": "ZTS",
        "period": "Q2",
        "revenues": 2052000000,
        "costofgoodsandservicessold": 625000000,
        "sellinggeneralandadministrativeexpense": 529000000,
        "researchanddevelopmentexpenseexcludingacquiredinprocesscost": 135000000,
        "amortizationofintangibleassetsnotassociatedwithsinglefunction": 37000000,
        "restructuringchargesandacquisitionrelatedcosts": 1000000,
        "interestexpense": 53000000,
        "nonoperatingincomeexpense": -2000000,
        "incomelossfromcontinuingoperationsbeforeincometaxesextraordinaryitemsnoncontrollinginterest": 670000000,
        "incometaxexpensebenefit": 141000000,
        "profitloss": 529000000,
        "netincomelossattributabletononcontrollinginterest": 0,
        "netincomeloss": 529000000,
        "earningspersharebasic": 1.1300000000000001,
        "earningspersharediluted": 1.1199999999999999,
        "weightedaveragenumberofsharesoutstandingbasic": -1100000,
        "weightedaveragenumberofdilutedsharesoutstanding": -1300000,
        "commonstockdividendspersharedeclared": 0.325,
        "othercomprehensiveincomelosscashflowhedgegainlossafterreclassificationandtax": 22000000,
        "othercomprehensiveincomelossforeigncurrencytransactionandtranslationadjustmentnetoftax": -73000000,
        "othercomprehensiveincomelosspensionandotherpostretirementbenefitplansadjustmentnetoftax": 0,
        "othercomprehensiveincomelossnetoftax": -18000000,
        "comprehensiveincomenetoftaxincludingportionattributabletononcontrollinginterest": 511000000,
        "comprehensiveincomenetoftaxattributabletononcontrollinginterest": 0,
        "comprehensiveincomenetoftax": 511000000,
        "othercomprehensiveincomelosscashflowhedgegainlossafterreclassificationtax": 7000000
    },
    {
        "date": "2022-03-30",
        "symbol": "ZTS",
        "period": "Q1",
        "revenues": 1986000000,
        "costofgoodsandservicessold": 569000000,
        "sellinggeneralandadministrativeexpense": 465000000,
        "researchanddevelopmentexpenseexcludingacquiredinprocesscost": 122000000,
        "amortizationofintangibleassetsnotassociatedwithsinglefunction": 41000000,
        "restructuringchargesandacquisitionrelatedcosts": 2000000,
        "interestexpense": 53000000,
        "nonoperatingincomeexpense": -7000000,
        "incomelossfromcontinuingoperationsbeforeincometaxesextraordinaryitemsnoncontrollinginterest": 727000000,
        "incometaxexpensebenefit": 133000000,
        "profitloss": 594000000,
        "netincomelossattributabletononcontrollinginterest": -1000000,
        "netincomeloss": 595000000,
        "earningspersharebasic": 1.26,
        "earningspersharediluted": 1.26,
        "weightedaveragenumberofsharesoutstandingbasic": 472200000,
        "weightedaveragenumberofdilutedsharesoutstanding": 474100000,
        "commonstockdividendspersharedeclared": 0.325,
        "othercomprehensiveincomelosscashflowhedgegainlossafterreclassificationandtax": 26000000,
        "othercomprehensiveincomelossforeigncurrencytransactionandtranslationadjustmentnetoftax": 21000000,
        "othercomprehensiveincomelosspensionandotherpostretirementbenefitplansadjustmentnetoftax": 1000000,
        "othercomprehensiveincomelossnetoftax": 60000000,
        "comprehensiveincomenetoftaxincludingportionattributabletononcontrollinginterest": 654000000,
        "comprehensiveincomenetoftaxattributabletononcontrollinginterest": -1000000,
        "comprehensiveincomenetoftax": 655000000,
        "othercomprehensiveincomelosscashflowhedgegainlossafterreclassificationtax": 7000000
    },
    {
        "date": "2021-12-30",
        "symbol": "ZTS",
        "period": "Q4",
        "revenues": 209000000,
        "costofgoodsandservicessold": 273000000,
        "sellinggeneralandadministrativeexpense": 593000000,
        "researchanddevelopmentexpenseexcludingacquiredinprocesscost": 138000000,
        "amortizationofintangibleassetsnotassociatedwithsinglefunction": 40000000,
        "restructuringchargesandacquisitionrelatedcosts": 4000000,
        "interestexpense": 54000000,
        "nonoperatingincomeexpense": -8000000,
        "incomelossfromcontinuingoperationsbeforeincometaxesextraordinaryitemsnoncontrollinginterest": -308000000,
        "incometaxexpensebenefit": -109000000,
        "netincomeloss": 414000000,
        "earningspersharebasic": 0.8699999999999999,
        "earningspersharediluted": 0.8699999999999992,
        "weightedaveragenumberofsharesoutstandingbasic": -452000,
        "weightedaveragenumberofdilutedsharesoutstanding": -383000,
        "translationadjustmentfornetinvestmenthedgeincreasedecreasenetoftax": 9000000,
        "othercomprehensiveincomelossforeigncurrencytransactionandtranslationadjustmentnetoftax": -110000000,
        "othercomprehensiveincomelossnetoftax": -3000000,
        "comprehensiveincomenetoftaxincludingportionattributabletononcontrollinginterest": 316000000,
        "comprehensiveincomenetoftax": 317000000
    },
    {
        "date": "2021-09-29",
        "symbol": "ZTS",
        "period": "Q3",
        "revenues": 1990000000,
        "costofgoodsandservicessold": 586000000,
        "sellinggeneralandadministrativeexpense": 504000000,
        "researchanddevelopmentexpenseexcludingacquiredinprocesscost": 132000000,
        "amortizationofintangibleassetsnotassociatedwithsinglefunction": 40000000,
        "restructuringchargesandacquisitionrelatedcosts": 9000000,
        "interestexpense": 56000000,
        "nonoperatingincomeexpense": -4000000,
        "incomelossfromcontinuingoperationsbeforeincometaxesextraordinaryitemsnoncontrollinginterest": 659000000,
        "incometaxexpensebenefit": 107000000,
        "profitloss": 552000000,
        "netincomelossattributabletononcontrollinginterest": 0,
        "netincomeloss": 552000000,
        "earningspersharebasic": 1.16,
        "earningspersharediluted": 1.1600000000000001,
        "weightedaveragenumberofsharesoutstandingbasic": -475500000,
        "weightedaveragenumberofdilutedsharesoutstanding": -477800000,
        "commonstockdividendspersharedeclared": 0,
        "othercomprehensiveincomelosscashflowhedgegainlossreclassificationaftertax": -1000000,
        "translationadjustmentfornetinvestmenthedgeincreasedecreasenetoftax": 16000000,
        "othercomprehensiveincomelossforeigncurrencytransactionandtranslationadjustmentnetoftax": -61000000,
        "othercomprehensiveincomelossnetoftax": -44000000,
        "comprehensiveincomenetoftaxincludingportionattributabletononcontrollinginterest": 508000000,
        "comprehensiveincomenetoftaxattributabletononcontrollinginterest": 0,
        "comprehensiveincomenetoftax": 508000000
    },
    {
        "date": "2021-06-29",
        "symbol": "ZTS",
        "period": "Q2",
        "revenues": 1948000000,
        "costofgoodsandservicessold": 568000000,
        "sellinggeneralandadministrativeexpense": 495000000,
        "researchanddevelopmentexpenseexcludingacquiredinprocesscost": 120000000,
        "amortizationofintangibleassetsnotassociatedwithsinglefunction": 41000000,
        "restructuringchargesandacquisitionrelatedcosts": 21000000,
        "interestexpense": 57000000,
        "nonoperatingincomeexpense": -10000000,
        "incomelossfromcontinuingoperationsbeforeincometaxesextraordinaryitemsnoncontrollinginterest": 636000000,
        "incometaxexpensebenefit": 125000000,
        "profitloss": 511000000,
        "netincomelossattributabletononcontrollinginterest": -1000000,
        "netincomeloss": 512000000,
        "earningspersharebasic": 1.08,
        "earningspersharediluted": 1.07,
        "weightedaveragenumberofsharesoutstandingbasic": 474800000,
        "weightedaveragenumberofdilutedsharesoutstanding": 477000000,
        "commonstockdividendspersharedeclared": 0.25,
        "othercomprehensiveincomelosscashflowhedgegainlossreclassificationaftertax": 19000000,
        "translationadjustmentfornetinvestmenthedgeincreasedecreasenetoftax": -8000000,
        "othercomprehensiveincomelossforeigncurrencytransactionandtranslationadjustmentnetoftax": 37000000,
        "othercomprehensiveincomelossnetoftax": 10000000,
        "comprehensiveincomenetoftaxincludingportionattributabletononcontrollinginterest": 521000000,
        "comprehensiveincomenetoftaxattributabletononcontrollinginterest": -1000000,
        "comprehensiveincomenetoftax": 522000000
    },
    {
        "date": "2021-03-30",
        "symbol": "ZTS",
        "period": "Q1",
        "revenues": 1871000000,
        "costofgoodsandservicessold": 549000000,
        "sellinggeneralandadministrativeexpense": 409000000,
        "researchanddevelopmentexpenseexcludingacquiredinprocesscost": 118000000,
        "amortizationofintangibleassetsnotassociatedwithsinglefunction": 40000000,
        "restructuringchargesandacquisitionrelatedcosts": 9000000,
        "interestexpense": 57000000,
        "nonoperatingincomeexpense": -2000000,
        "incomelossfromcontinuingoperationsbeforeincometaxesextraordinaryitemsnoncontrollinginterest": 687000000,
        "incometaxexpensebenefit": 129000000,
        "profitloss": 558000000,
        "netincomelossattributabletononcontrollinginterest": -1000000,
        "netincomeloss": 559000000,
        "earningspersharebasic": 1.18,
        "earningspersharediluted": 1.17,
        "weightedaveragenumberofsharesoutstandingbasic": 475500000,
        "weightedaveragenumberofdilutedsharesoutstanding": 477900000,
        "commonstockdividendspersharedeclared": 0.25,
        "othercomprehensiveincomelosscashflowhedgegainlossreclassificationaftertax": -39000000,
        "translationadjustmentfornetinvestmenthedgeincreasedecreasenetoftax": 25000000,
        "othercomprehensiveincomelossforeigncurrencytransactionandtranslationadjustmentnetoftax": 33000000,
        "othercomprehensiveincomelossnetoftax": 97000000,
        "comprehensiveincomenetoftaxincludingportionattributabletononcontrollinginterest": 655000000,
        "comprehensiveincomenetoftaxattributabletononcontrollinginterest": -1000000,
        "comprehensiveincomenetoftax": 656000000
    },
    {
        "date": "2020-12-30",
        "symbol": "ZTS",
        "period": "Q4",
        "revenues": 1807000000,
        "costofgoodsandservicessold": 601000000,
        "sellinggeneralandadministrativeexpense": 520000000,
        "researchanddevelopmentexpenseexcludingacquiredinprocesscost": 133000000,
        "amortizationofintangibleassetsnotassociatedwithsinglefunction": 40000000,
        "restructuringchargesandacquisitionrelatedcosts": 3000000,
        "interestexpense": 58000000,
        "incomelossfromcontinuingoperationsbeforeincometaxesextraordinaryitemsnoncontrollinginterest": 420000000,
        "incometaxexpensebenefit": 62000000,
        "profitloss": 358000000,
        "netincomeloss": 359000000,
        "earningspersharebasic": 0.7500000000000001,
        "earningspersharediluted": 0.7499999999999999,
        "weightedaveragenumberofsharesoutstandingbasic": 2000,
        "weightedaveragenumberofdilutedsharesoutstanding": 69000,
        "othercomprehensiveincomelossforeigncurrencytransactionandtranslationadjustmentnetoftax": 23000000,
        "othercomprehensiveincomelossnetoftax": 5000000,
        "comprehensiveincomenetoftax": 364000000
    },
    {
        "date": "2020-09-29",
        "symbol": "ZTS",
        "period": "Q3",
        "revenues": 1786000000,
        "costofgoodsandservicessold": 546000000,
        "sellinggeneralandadministrativeexpense": 424000000,
        "researchanddevelopmentexpenseexcludingacquiredinprocesscost": 112000000,
        "amortizationofintangibleassetsnotassociatedwithsinglefunction": 40000000,
        "restructuringchargesandacquisitionrelatedcosts": 5000000,
        "interestexpense": 62000000,
        "nonoperatingincomeexpense": 0,
        "incomelossfromcontinuingoperationsbeforeincometaxesextraordinaryitemsnoncontrollinginterest": 597000000,
        "incometaxexpensebenefit": 118000000,
        "profitloss": 479000000,
        "netincomeloss": 479000000,
        "earningspersharebasic": 1.0099999999999998,
        "earningspersharediluted": 0.9999999999999999,
        "weightedaveragenumberofsharesoutstandingbasic": -475400000,
        "weightedaveragenumberofdilutedsharesoutstanding": -478600000,
        "commonstockdividendspersharedeclared": 0,
        "othercomprehensiveincomelosscashflowhedgegainlossreclassificationaftertax": 15000000,
        "othercomprehensiveincomelossforeigncurrencytransactionandtranslationadjustmentnetoftax": 147000000,
        "othercomprehensiveincomelossnetoftax": 121000000,
        "comprehensiveincomenetoftax": 600000000,
        "translationadjustmentfornetinvestmenthedgeincreasedecreasenetoftax": -30000000
    },
    {
        "date": "2020-06-29",
        "symbol": "ZTS",
        "period": "Q2",
        "revenues": 1548000000,
        "costofgoodsandservicessold": 451000000,
        "sellinggeneralandadministrativeexpense": 393000000,
        "researchanddevelopmentexpenseexcludingacquiredinprocesscost": 111000000,
        "amortizationofintangibleassetsnotassociatedwithsinglefunction": 40000000,
        "restructuringchargesandacquisitionrelatedcosts": 8000000,
        "interestexpense": 58000000,
        "nonoperatingincomeexpense": -5000000,
        "incomelossfromcontinuingoperationsbeforeincometaxesextraordinaryitemsnoncontrollinginterest": 482000000,
        "incometaxexpensebenefit": 106000000,
        "profitloss": 376000000,
        "netincomelossattributabletononcontrollinginterest": -1000000,
        "netincomeloss": 377000000,
        "earningspersharebasic": 0.79,
        "earningspersharediluted": 0.79,
        "weightedaveragenumberofsharesoutstandingbasic": 475300000,
        "weightedaveragenumberofdilutedsharesoutstanding": 478100000,
        "commonstockdividendspersharedeclared": 0.2,
        "othercomprehensiveincomelossderivativesqualifyingashedgesnetoftax": -4000000,
        "othercomprehensiveincomelosscashflowhedgegainlossreclassificationaftertax": -14000000,
        "othercomprehensiveincomelossforeigncurrencytransactionandtranslationadjustmentnetoftax": -57000000,
        "othercomprehensiveincomelossnetoftax": -75000000,
        "comprehensiveincomenetoftaxincludingportionattributabletononcontrollinginterest": 301000000,
        "comprehensiveincomenetoftaxattributabletononcontrollinginterest": -1000000,
        "comprehensiveincomenetoftax": 302000000,
        "translationadjustmentfornetinvestmenthedgeincreasedecreasenetoftax": -14000000
    },
    {
        "date": "2020-03-30",
        "symbol": "ZTS",
        "period": "Q1",
        "revenues": 1534000000,
        "costofgoodsandservicessold": 459000000,
        "sellinggeneralandadministrativeexpense": 389000000,
        "researchanddevelopmentexpenseexcludingacquiredinprocesscost": 107000000,
        "amortizationofintangibleassetsnotassociatedwithsinglefunction": 40000000,
        "restructuringchargesandacquisitionrelatedcosts": 9000000,
        "interestexpense": 53000000,
        "nonoperatingincomeexpense": 20000000,
        "incomelossfromcontinuingoperationsbeforeincometaxesextraordinaryitemsnoncontrollinginterest": 497000000,
        "incometaxexpensebenefit": 74000000,
        "profitloss": 423000000,
        "netincomeloss": 423000000,
        "earningspersharebasic": 0.89,
        "earningspersharediluted": 0.88,
        "weightedaveragenumberofsharesoutstandingbasic": 475600000,
        "weightedaveragenumberofdilutedsharesoutstanding": 479000000,
        "commonstockdividendspersharedeclared": 0.2,
        "othercomprehensiveincomelosscashflowhedgegainlossreclassificationaftertax": -28000000,
        "othercomprehensiveincomelossforeigncurrencytransactionandtranslationadjustmentnetoftax": -44000000,
        "othercomprehensiveincomelossnetoftax": -55000000,
        "comprehensiveincomenetoftax": 368000000,
        "translationadjustmentfornetinvestmenthedgeincreasedecreasenetoftax": 17000000
    },
    {
        "date": "2019-03-30",
        "symbol": "ZTS",
        "period": "Q1",
        "profitloss": 312000000,
        "othercomprehensiveincomelossforeigncurrencytransactionandtranslationadjustmentnetoftax": 31000000,
        "othercomprehensiveincomelossnetoftax": 31000000,
        "comprehensiveincomenetoftaxincludingportionattributabletononcontrollinginterest": 343000000,
        "comprehensiveincomenetoftax": 343000000,
        "revenues": 1455000000,
        "costofgoodsandservicessold": 518000000,
        "sellinggeneralandadministrativeexpense": 369000000,
        "researchanddevelopmentexpenseexcludingacquiredinprocesscost": 102000000,
        "amortizationofintangibleassetsnotassociatedwithsinglefunction": 38000000,
        "restructuringchargesandacquisitionrelatedcosts": 5000000,
        "interestexpense": 56000000,
        "nonoperatingincomeexpense": 14000000,
        "incomelossfromcontinuingoperationsbeforeincometaxesextraordinaryitemsnoncontrollinginterest": 381000000,
        "incometaxexpensebenefit": 69000000,
        "netincomeloss": 312000000,
        "earningspersharebasic": 0.65,
        "earningspersharediluted": 0.65,
        "weightedaveragenumberofsharesoutstandingbasic": 479600000,
        "weightedaveragenumberofdilutedsharesoutstanding": 483100000,
        "commonstockdividendspersharedeclared": 0.164
    },
    {
        "date": "2018-12-30",
        "symbol": "ZTS",
        "period": "Q4",
        "profitloss": 345000000,
        "othercomprehensiveincomelossforeigncurrencytransactionandtranslationadjustmentnetoftax": -12000000,
        "othercomprehensiveincomelossnetoftax": -11000000,
        "comprehensiveincomenetoftaxincludingportionattributabletononcontrollinginterest": 335000000,
        "comprehensiveincomenetoftax": 335000000,
        "costofgoodsandservicessold": -375000000,
        "sellinggeneralandadministrativeexpense": 420000000,
        "researchanddevelopmentexpenseexcludingacquiredinprocesscost": 125000000,
        "amortizationofintangibleassetsnotassociatedwithsinglefunction": 39000000,
        "restructuringchargesandacquisitionrelatedcosts": 14000000,
        "interestexpense": 0,
        "nonoperatingincomeexpense": 5000000,
        "incomelossfromcontinuingoperationsbeforeincometaxesextraordinaryitemsnoncontrollinginterest": -90000000,
        "incometaxexpensebenefit": -66000000,
        "netincomeloss": 345000000,
        "earningspersharebasic": 0.7199999999999995,
        "earningspersharediluted": 0.7099999999999997,
        "weightedaveragenumberofsharesoutstandingbasic": -837000,
        "weightedaveragenumberofdilutedsharesoutstanding": -802000
    },
    {
        "date": "2018-09-29",
        "symbol": "ZTS",
        "period": "Q3",
        "profitloss": 349000000,
        "othercomprehensiveincomelossforeigncurrencytransactionandtranslationadjustmentnetoftax": -75000000,
        "othercomprehensiveincomelossnetoftax": 1000000,
        "comprehensiveincomenetoftaxincludingportionattributabletononcontrollinginterest": 271000000,
        "comprehensiveincomenetoftaxattributabletononcontrollinginterest": 0,
        "comprehensiveincomenetoftax": 271000000,
        "costofgoodsandservicessold": 151000000,
        "sellinggeneralandadministrativeexpense": 367000000,
        "researchanddevelopmentexpenseexcludingacquiredinprocesscost": 108000000,
        "amortizationofintangibleassetsnotassociatedwithsinglefunction": 32000000,
        "restructuringchargesandacquisitionrelatedcosts": 47000000,
        "interestexpense": -57000000,
        "nonoperatingincomeexpense": 1000000,
        "incomelossfromcontinuingoperationsbeforeincometaxesextraordinaryitemsnoncontrollinginterest": -563000000,
        "incometaxexpensebenefit": 71000000,
        "netincomelossattributabletononcontrollinginterest": 0,
        "netincomeloss": 347000000,
        "earningspersharebasic": 0.7300000000000002,
        "earningspersharediluted": 0.7100000000000002,
        "weightedaveragenumberofsharesoutstandingbasic": -485800000,
        "weightedaveragenumberofdilutedsharesoutstanding": -489600000,
        "commonstockdividendspersharedeclared": 0
    },
    {
        "date": "2018-06-29",
        "symbol": "ZTS",
        "period": "Q2",
        "profitloss": 382000000,
        "othercomprehensiveincomelossforeigncurrencytransactionandtranslationadjustmentnetoftax": -115000000,
        "othercomprehensiveincomelossnetoftax": -115000000,
        "comprehensiveincomenetoftaxincludingportionattributabletononcontrollinginterest": 267000000,
        "comprehensiveincomenetoftaxattributabletononcontrollinginterest": -3000000,
        "comprehensiveincomenetoftax": 270000000,
        "revenues": 1405000000,
        "costofgoodsandservicessold": 140000000,
        "sellinggeneralandadministrativeexpense": 359000000,
        "researchanddevelopmentexpenseexcludingacquiredinprocesscost": 102000000,
        "amortizationofintangibleassetsnotassociatedwithsinglefunction": 23000000,
        "restructuringchargesandacquisitionrelatedcosts": 5000000,
        "interestexpense": 46000000,
        "nonoperatingincomeexpense": -2000000,
        "incomelossfromcontinuingoperationsbeforeincometaxesextraordinaryitemsnoncontrollinginterest": -82000000,
        "incometaxexpensebenefit": 55000000,
        "netincomelossattributabletononcontrollinginterest": -2000000,
        "netincomeloss": 384000000,
        "earningspersharebasic": 0.79,
        "earningspersharediluted": 0.79,
        "weightedaveragenumberofsharesoutstandingbasic": 483800000,
        "weightedaveragenumberofdilutedsharesoutstanding": 487500000,
        "commonstockdividendspersharedeclared": 0.126
    },
    {
        "date": "2018-03-30",
        "symbol": "ZTS",
        "period": "Q1",
        "profitloss": 352000000,
        "othercomprehensiveincomelossforeigncurrencytransactionandtranslationadjustmentnetoftax": 77000000,
        "othercomprehensiveincomelossnetoftax": 1000000,
        "comprehensiveincomenetoftaxincludingportionattributabletononcontrollinginterest": 427000000,
        "comprehensiveincomenetoftaxattributabletononcontrollinginterest": -1000000,
        "comprehensiveincomenetoftax": 428000000,
        "salesrevenuenet": 1360000000,
        "costofgoodsandservicessold": 140000000,
        "sellinggeneralandadministrativeexpense": 338000000,
        "researchanddevelopmentexpenseexcludingacquiredinprocesscost": 97000000,
        "amortizationofintangibleassetsnotassociatedwithsinglefunction": 23000000,
        "restructuringchargesandacquisitionrelatedcosts": 2000000,
        "interestexpense": 47000000,
        "nonoperatingincomeexpense": -1000000,
        "incomelossfromcontinuingoperationsbeforeincometaxesextraordinaryitemsnoncontrollinginterest": 398000000,
        "incometaxexpensebenefit": 67000000,
        "netincomelossattributabletononcontrollinginterest": -2000000,
        "netincomeloss": 352000000,
        "earningspersharebasic": 0.72,
        "earningspersharediluted": 0.72,
        "weightedaveragenumberofsharesoutstandingbasic": 485900000,
        "weightedaveragenumberofdilutedsharesoutstanding": 489800000,
        "commonstockdividendspersharedeclared": 0.126
    },
    {
        "date": "2017-12-30",
        "symbol": "ZTS",
        "period": "Q4",
        "profitloss": 81000000,
        "othercomprehensiveincomelossforeigncurrencytransactionandtranslationadjustmentnetoftax": -56000000,
        "othercomprehensiveincomelossnetoftax": 1000000,
        "comprehensiveincomenetoftaxincludingportionattributabletononcontrollinginterest": 31000000,
        "comprehensiveincomenetoftax": 31000000,
        "salesrevenuenet": 367000000,
        "costofgoodsandservicessold": 153000000,
        "sellinggeneralandadministrativeexpense": 361000000,
        "researchanddevelopmentexpenseexcludingacquiredinprocesscost": 110000000,
        "amortizationofintangibleassetsnotassociatedwithsinglefunction": 23000000,
        "interestexpense": 50000000,
        "incomelossfromcontinuingoperationsbeforeincometaxesextraordinaryitemsnoncontrollinginterest": -89000000,
        "incometaxexpensebenefit": 211000000,
        "netincomeloss": 81000000,
        "earningspersharebasic": 0.15999999999999992,
        "earningspersharediluted": 0.15999999999999992,
        "weightedaveragenumberofsharesoutstandingbasic": -882000,
        "weightedaveragenumberofdilutedsharesoutstanding": -739000
    },
    {
        "date": "2017-09-30",
        "symbol": "ZTS",
        "period": "Q3",
        "profitloss": 298000000,
        "othercomprehensiveincomelossforeigncurrencytransactionandtranslationadjustmentnetoftax": 98000000,
        "othercomprehensiveincomelossnetoftax": -55000000,
        "comprehensiveincomenetoftaxincludingportionattributabletononcontrollinginterest": 384000000,
        "comprehensiveincomenetoftax": 385000000,
        "salesrevenuenet": 363000000,
        "costofgoodsandservicessold": 141000000,
        "sellinggeneralandadministrativeexpense": 328000000,
        "researchanddevelopmentexpenseexcludingacquiredinprocesscost": 96000000,
        "amortizationofintangibleassetsnotassociatedwithsinglefunction": 23000000,
        "interestexpense": 43000000,
        "nonoperatingincomeexpense": 0,
        "incomelossfromcontinuingoperationsbeforeincometaxesextraordinaryitemsnoncontrollinginterest": -77000000,
        "incometaxexpensebenefit": 117000000,
        "netincomeloss": 298000000,
        "earningspersharebasic": 0.6100000000000001,
        "earningspersharediluted": 0.6100000000000001,
        "weightedaveragenumberofsharesoutstandingbasic": -800000,
        "weightedaveragenumberofdilutedsharesoutstanding": -700000,
        "commonstockdividendspersharedeclared": 0
    },
    {
        "date": "2017-07-01",
        "symbol": "ZTS",
        "period": "Q2",
        "profitloss": 247000000,
        "othercomprehensiveincomelossforeigncurrencytransactionandtranslationadjustmentnetoftax": 12000000,
        "othercomprehensiveincomelossnetoftax": 12000000,
        "comprehensiveincomenetoftaxincludingportionattributabletononcontrollinginterest": 257000000,
        "comprehensiveincomenetoftaxattributabletononcontrollinginterest": 0,
        "comprehensiveincomenetoftax": 257000000,
        "salesrevenuenet": 324000000,
        "costofgoodsandservicessold": 58000000,
        "sellinggeneralandadministrativeexpense": 336000000,
        "researchanddevelopmentexpenseexcludingacquiredinprocesscost": 86000000,
        "amortizationofintangibleassetsnotassociatedwithsinglefunction": 23000000,
        "restructuringchargesandacquisitionrelatedcosts": 0,
        "interestexpense": 41000000,
        "nonoperatingincomeexpense": 4000000,
        "incomelossfromcontinuingoperationsbeforeincometaxesextraordinaryitemsnoncontrollinginterest": -125000000,
        "incometaxexpensebenefit": 98000000,
        "netincomelossattributabletononcontrollinginterest": 0,
        "netincomeloss": 247000000,
        "earningspersharebasic": 0.51,
        "earningspersharediluted": 0.5,
        "weightedaveragenumberofsharesoutstandingbasic": -800000,
        "weightedaveragenumberofdilutedsharesoutstanding": -700000,
        "commonstockdividendspersharedeclared": 0.105
    },
    {
        "date": "2017-04-01",
        "symbol": "ZTS",
        "period": "Q1",
        "profitloss": 238000000,
        "othercomprehensiveincomelossforeigncurrencytransactionandtranslationadjustmentnetoftax": 44000000,
        "othercomprehensiveincomedefinedbenefitplansnetunamortizedgainlossarisingduringperiodnetoftax": 2000000,
        "othercomprehensiveincomelossnetoftax": 44000000,
        "comprehensiveincomenetoftaxincludingportionattributabletononcontrollinginterest": 285000000,
        "comprehensiveincomenetoftaxattributabletononcontrollinginterest": 1000000,
        "comprehensiveincomenetoftax": 284000000,
        "salesrevenuenet": 319000000,
        "costofgoodsandservicessold": 213000000,
        "sellinggeneralandadministrativeexpense": 309000000,
        "researchanddevelopmentexpenseexcludingacquiredinprocesscost": 90000000,
        "amortizationofintangibleassetsnotassociatedwithsinglefunction": 22000000,
        "restructuringchargesandacquisitionrelatedcosts": -1000000,
        "interestexpense": 41000000,
        "nonoperatingincomeexpense": -3000000,
        "incomelossfromcontinuingoperationsbeforeincometaxesextraordinaryitemsnoncontrollinginterest": -22000000,
        "incometaxexpensebenefit": 98000000,
        "netincomelossattributabletononcontrollinginterest": 1000000,
        "netincomeloss": 238000000,
        "earningspersharebasic": 0.48,
        "earningspersharediluted": 0.48,
        "weightedaveragenumberofsharesoutstandingbasic": 492400000,
        "weightedaveragenumberofdilutedsharesoutstanding": 495300000,
        "commonstockdividendspersharedeclared": 0.105
    },
    {
        "date": "2016-12-30",
        "symbol": "ZTS",
        "period": "Q4",
        "profitloss": 156000000,
        "othercomprehensiveincomelossforeigncurrencytransactionandtranslationadjustmentnetoftax": -97000000,
        "othercomprehensiveincomedefinedbenefitplansnetunamortizedgainlossarisingduringperiodnetoftax": -8000000,
        "comprehensiveincomenetoftaxincludingportionattributabletononcontrollinginterest": 552000000,
        "comprehensiveincomenetoftax": 64000000,
        "salesrevenuenet": 310000000,
        "costofgoodsandservicessold": 235000000,
        "sellinggeneralandadministrativeexpense": 361000000,
        "researchanddevelopmentexpenseexcludingacquiredinprocesscost": 108000000,
        "amortizationofintangibleassetsnotassociatedwithsinglefunction": 21000000,
        "restructuringchargesandacquisitionrelatedcosts": 20000000,
        "interestexpense": 41000000,
        "nonoperatingincomeexpense": -4000000,
        "incomelossfromcontinuingoperationsbeforeincometaxesextraordinaryitemsnoncontrollinginterest": -20000000,
        "incometaxexpensebenefit": -75000000,
        "netincomeloss": 154000000,
        "earningspersharebasic": 0.32,
        "earningspersharediluted": 0.31,
        "weightedaveragenumberofsharesoutstandingbasic": -496385000,
        "weightedaveragenumberofdilutedsharesoutstanding": -498875000
    },
    {
        "date": "2016-10-01",
        "symbol": "ZTS",
        "period": "Q3",
        "profitloss": 237000000,
        "othercomprehensiveincomeunrealizedgainlossonderivativesarisingduringperiodnetoftax": 1000000,
        "othercomprehensiveincomelossforeigncurrencytransactionandtranslationadjustmentnetoftax": 49000000,
        "othercomprehensiveincomedefinedbenefitplansnetunamortizedgainlossarisingduringperiodnetoftax": -1000000,
        "othercomprehensiveincomelossnetoftax": 49000000,
        "comprehensiveincomenetoftaxincludingportionattributabletononcontrollinginterest": 286000000,
        "comprehensiveincomenetoftaxattributabletononcontrollinginterest": 1000000,
        "comprehensiveincomenetoftax": 285000000,
        "salesrevenuenet": 324000000,
        "costofgoodsandservicessold": 201000000,
        "sellinggeneralandadministrativeexpense": 345000000,
        "researchanddevelopmentexpenseexcludingacquiredinprocesscost": 90000000,
        "amortizationofintangibleassetsnotassociatedwithsinglefunction": 21000000,
        "restructuringchargesandacquisitionrelatedcosts": 4000000,
        "interestexpense": 41000000,
        "nonoperatingincomeexpense": 3000000,
        "incomelossfromcontinuingoperationsbeforeincometaxesextraordinaryitemsnoncontrollinginterest": -25000000,
        "incometaxexpensebenefit": 96000000,
        "netincomelossattributabletononcontrollinginterest": -2000000,
        "netincomeloss": 239000000,
        "earningspersharebasic": 0.48,
        "earningspersharediluted": 0.48,
        "weightedaveragenumberofsharesoutstandingbasic": 495200000,
        "weightedaveragenumberofdilutedsharesoutstanding": 497900000
    },
    {
        "date": "2016-07-02",
        "symbol": "ZTS",
        "period": "Q2",
        "profitloss": 224000000,
        "othercomprehensiveincomelossforeigncurrencytransactionandtranslationadjustmentnetoftax": 63000000,
        "othercomprehensiveincomedefinedbenefitplansnetunamortizedgainlossarisingduringperiodnetoftax": 2000000,
        "othercomprehensiveincomelossnetoftax": 0,
        "comprehensiveincomenetoftaxincludingportionattributabletononcontrollinginterest": -205000000,
        "comprehensiveincomenetoftaxattributabletononcontrollinginterest": 0,
        "comprehensiveincomenetoftax": 286000000,
        "salesrevenuenet": 310000000,
        "costofgoodsandservicessold": 201000000,
        "sellinggeneralandadministrativeexpense": 343000000,
        "researchanddevelopmentexpenseexcludingacquiredinprocesscost": 88000000,
        "amortizationofintangibleassetsnotassociatedwithsinglefunction": 22000000,
        "restructuringchargesandacquisitionrelatedcosts": -21000000,
        "interestexpense": 41000000,
        "nonoperatingincomeexpense": 1000000,
        "incomelossfromcontinuingoperationsbeforeincometaxesextraordinaryitemsnoncontrollinginterest": -28000000,
        "incometaxexpensebenefit": 108000000,
        "netincomeloss": 224000000,
        "earningspersharebasic": 0.45,
        "earningspersharediluted": 0.45,
        "weightedaveragenumberofsharesoutstandingbasic": -500000,
        "weightedaveragenumberofdilutedsharesoutstanding": -300000,
        "commonstockdividendspersharedeclared": 0.095
    },
    {
        "date": "2016-04-02",
        "symbol": "ZTS",
        "period": "Q1",
        "profitloss": 204000000,
        "othercomprehensiveincomelossforeigncurrencytransactionandtranslationadjustmentnetoftax": 2000000,
        "othercomprehensiveincomedefinedbenefitplansnetunamortizedgainlossarisingduringperiodnetoftax": 1000000,
        "othercomprehensiveincomelossnetoftax": -1000000,
        "comprehensiveincomenetoftaxincludingportionattributabletononcontrollinginterest": 207000000,
        "comprehensiveincomenetoftaxattributabletononcontrollinginterest": -1000000,
        "comprehensiveincomenetoftax": 208000000,
        "salesrevenuenet": 301000000,
        "costofgoodsandservicessold": 196000000,
        "sellinggeneralandadministrativeexpense": 315000000,
        "researchanddevelopmentexpenseexcludingacquiredinprocesscost": 90000000,
        "amortizationofintangibleassetsnotassociatedwithsinglefunction": 21000000,
        "restructuringchargesandacquisitionrelatedcosts": 2000000,
        "interestexpense": 43000000,
        "nonoperatingincomeexpense": 2000000,
        "incomelossfromcontinuingoperationsbeforeincometaxesextraordinaryitemsnoncontrollinginterest": -26000000,
        "incometaxexpensebenefit": 128000000,
        "netincomeloss": 204000000,
        "earningspersharebasic": 0.41,
        "earningspersharediluted": 0.41,
        "weightedaveragenumberofsharesoutstandingbasic": 497400000,
        "weightedaveragenumberofdilutedsharesoutstanding": 499500000,
        "commonstockdividendspersharedeclared": 0.095
    },
    {
        "date": "2015-12-30",
        "symbol": "ZTS",
        "period": "Q4",
        "profitloss": 22000000,
        "othercomprehensiveincomelossforeigncurrencytransactionandtranslationadjustmentnetoftax": -69000000,
        "comprehensiveincomenetoftaxincludingportionattributabletononcontrollinginterest": -40000000,
        "comprehensiveincomenetoftax": -40000000,
        "salesrevenuenet": 291000000,
        "costofgoodsandservicessold": -87000000,
        "sellinggeneralandadministrativeexpense": 425000000,
        "researchanddevelopmentexpenseexcludingacquiredinprocesscost": 109000000,
        "amortizationofintangibleassetsnotassociatedwithsinglefunction": 16000000,
        "restructuringchargesandacquisitionrelatedcosts": 40000000,
        "interestexpense": 38000000,
        "incomelossfromcontinuingoperationsbeforeincometaxesextraordinaryitemsnoncontrollinginterest": -16000000,
        "incometaxexpensebenefit": 5000000,
        "netincomeloss": 22000000,
        "earningspersharebasic": 0.0500000000000001,
        "earningspersharediluted": 0.0500000000000001,
        "weightedaveragenumberofsharesoutstandingbasic": -479000,
        "weightedaveragenumberofdilutedsharesoutstanding": -461000
    },
    {
        "date": "2015-09-26",
        "symbol": "ZTS",
        "period": "Q3",
        "profitloss": 189000000,
        "othercomprehensiveincomelossforeigncurrencytransactionandtranslationadjustmentnetoftax": -57000000,
        "comprehensiveincomenetoftaxincludingportionattributabletononcontrollinginterest": 130000000,
        "comprehensiveincomenetoftax": 132000000,
        "salesrevenuenet": -335000000,
        "costofgoodsandservicessold": 209000000,
        "sellinggeneralandadministrativeexpense": 374000000,
        "researchanddevelopmentexpenseexcludingacquiredinprocesscost": 91000000,
        "amortizationofintangibleassetsnotassociatedwithsinglefunction": 15000000,
        "restructuringchargesandacquisitionrelatedcosts": 13000000,
        "interestexpense": 29000000,
        "incomelossfromcontinuingoperationsbeforeincometaxesextraordinaryitemsnoncontrollinginterest": -513000000,
        "incometaxexpensebenefit": 83000000,
        "netincomeloss": 189000000,
        "earningspersharebasic": 0.36999999999999994,
        "earningspersharediluted": 0.37999999999999995,
        "weightedaveragenumberofsharesoutstandingbasic": -474000,
        "weightedaveragenumberofdilutedsharesoutstanding": -413000
    },
    {
        "date": "2015-06-27",
        "symbol": "ZTS",
        "period": "Q2",
        "profitloss": -37000000,
        "othercomprehensiveincomelossforeigncurrencytransactionandtranslationadjustmentnetoftax": -25000000,
        "othercomprehensiveincomedefinedbenefitplansnetunamortizedgainlossarisingduringperiodnetoftax": 0,
        "othercomprehensiveincomelossnetoftax": 0,
        "comprehensiveincomenetoftaxincludingportionattributabletononcontrollinginterest": -61000000,
        "comprehensiveincomenetoftaxattributabletononcontrollinginterest": 0,
        "comprehensiveincomenetoftax": -61000000,
        "salesrevenuenet": 956000000,
        "costofgoodsandservicessold": 35000000,
        "sellinggeneralandadministrativeexpense": 379000000,
        "researchanddevelopmentexpenseexcludingacquiredinprocesscost": 84000000,
        "amortizationofintangibleassetsnotassociatedwithsinglefunction": 15000000,
        "restructuringchargesandacquisitionrelatedcosts": 266000000,
        "interestexpense": 29000000,
        "incomelossfromcontinuingoperationsbeforeincometaxesextraordinaryitemsnoncontrollinginterest": 370000000,
        "incometaxexpensebenefit": 9000000,
        "netincomeloss": -37000000,
        "earningspersharebasic": -0.07,
        "earningspersharediluted": -0.08000000000000002,
        "weightedaveragenumberofsharesoutstandingbasic": -486000,
        "weightedaveragenumberofdilutedsharesoutstanding": -331000,
        "commonstockdividendspersharedeclared": 0
    },
    {
        "date": "2015-03-28",
        "symbol": "ZTS",
        "period": "Q1",
        "profitloss": 165000000,
        "othercomprehensiveincomelossforeigncurrencytransactionandtranslationadjustmentnetoftax": -118000000,
        "othercomprehensiveincomedefinedbenefitplansnetunamortizedgainlossarisingduringperiodnetoftax": 1000000,
        "othercomprehensiveincomelossnetoftax": 1000000,
        "comprehensiveincomenetoftaxincludingportionattributabletononcontrollinginterest": 48000000,
        "comprehensiveincomenetoftaxattributabletononcontrollinginterest": 1000000,
        "comprehensiveincomenetoftax": 47000000,
        "salesrevenuenet": 237000000,
        "costofgoodsandservicessold": 394000000,
        "sellinggeneralandadministrativeexpense": 354000000,
        "researchanddevelopmentexpenseexcludingacquiredinprocesscost": 80000000,
        "amortizationofintangibleassetsnotassociatedwithsinglefunction": 15000000,
        "restructuringchargesandacquisitionrelatedcosts": 1000000,
        "interestexpense": 28000000,
        "incomelossfromcontinuingoperationsbeforeincometaxesextraordinaryitemsnoncontrollinginterest": 102000000,
        "incometaxexpensebenefit": 65000000,
        "netincomeloss": 165000000,
        "earningspersharebasic": 0.33,
        "earningspersharediluted": 0.33,
        "weightedaveragenumberofsharesoutstandingbasic": 501146000,
        "weightedaveragenumberofdilutedsharesoutstanding": 503224000,
        "commonstockdividendspersharedeclared": 0.083
    },
    {
        "date": "2014-12-30",
        "symbol": "ZTS",
        "period": "Q4",
        "profitloss": 126000000,
        "othercomprehensiveincomelossforeigncurrencytransactionandtranslationadjustmentnetoftax": -103000000,
        "othercomprehensiveincomelossnetoftax": -1000000,
        "comprehensiveincomenetoftaxincludingportionattributabletononcontrollinginterest": 14000000,
        "comprehensiveincomenetoftax": 13000000,
        "salesrevenuenet": 1029000000,
        "costofgoodsandservicessold": 491000000,
        "sellinggeneralandadministrativeexpense": 497000000,
        "researchanddevelopmentexpenseexcludingacquiredinprocesscost": 124000000,
        "amortizationofintangibleassetsnotassociatedwithsinglefunction": 14000000,
        "restructuringchargesandacquisitionrelatedcosts": 15000000,
        "interestexpense": 30000000,
        "nonoperatingincomeexpense": 6000000,
        "incomelossfromcontinuingoperationsbeforeincometaxesextraordinaryitemsnoncontrollinginterest": 217000000,
        "incometaxexpensebenefit": -29000000,
        "netincomeloss": 126000000,
        "earningspersharebasic": 0.24999999999999983,
        "earningspersharediluted": 0.24999999999999983,
        "weightedaveragenumberofsharesoutstandingbasic": 168000,
        "weightedaveragenumberofdilutedsharesoutstanding": 415000
    },
    {
        "date": "2014-09-27",
        "symbol": "ZTS",
        "period": "Q3",
        "profitloss": 163000000,
        "othercomprehensiveincomelossforeigncurrencytransactionandtranslationadjustmentnetoftax": -38000000,
        "othercomprehensiveincomelossnetoftax": -1000000,
        "comprehensiveincomenetoftaxincludingportionattributabletononcontrollinginterest": 128000000,
        "comprehensiveincomenetoftax": 126000000,
        "salesrevenuenet": 85000000,
        "costofgoodsandservicessold": 434000000,
        "sellinggeneralandadministrativeexpense": 394000000,
        "researchanddevelopmentexpenseexcludingacquiredinprocesscost": 93000000,
        "amortizationofintangibleassetsnotassociatedwithsinglefunction": 16000000,
        "restructuringchargesandacquisitionrelatedcosts": 2000000,
        "interestexpense": 29000000,
        "nonoperatingincomeexpense": -4000000,
        "incomelossfromcontinuingoperationsbeforeincometaxesextraordinaryitemsnoncontrollinginterest": 5000000,
        "incometaxexpensebenefit": 71000000,
        "netincomeloss": 166000000,
        "earningspersharebasic": 0.3300000000000001,
        "earningspersharediluted": 0.3300000000000001,
        "weightedaveragenumberofsharesoutstandingbasic": 284000,
        "weightedaveragenumberofdilutedsharesoutstanding": 417000
    },
    {
        "date": "2014-06-28",
        "symbol": "ZTS",
        "period": "Q2",
        "profitloss": 139000000,
        "othercomprehensiveincomelossforeigncurrencytransactionandtranslationadjustmentnetoftax": 29000000,
        "othercomprehensiveincomepensionplansettlementcharge": 0,
        "othercomprehensiveincomelossnetoftax": 5000000,
        "comprehensiveincomenetoftaxincludingportionattributabletononcontrollinginterest": 160000000,
        "comprehensiveincomenetoftax": 166000000,
        "salesrevenuenet": -353000000,
        "costofgoodsandservicessold": 413000000,
        "sellinggeneralandadministrativeexpense": 396000000,
        "researchanddevelopmentexpenseexcludingacquiredinprocesscost": 92000000,
        "amortizationofintangibleassetsnotassociatedwithsinglefunction": 15000000,
        "restructuringchargesandacquisitionrelatedcosts": 5000000,
        "interestexpense": 29000000,
        "nonoperatingincomeexpense": -8000000,
        "incomelossfromcontinuingoperationsbeforeincometaxesextraordinaryitemsnoncontrollinginterest": 251000000,
        "incometaxexpensebenefit": 61000000,
        "netincomeloss": 136000000,
        "earningspersharebasic": 0.26999999999999996,
        "earningspersharediluted": 0.26999999999999996,
        "weightedaveragenumberofsharesoutstandingbasic": 372000,
        "weightedaveragenumberofdilutedsharesoutstanding": 491000,
        "commonstockdividendspersharecashpaid": 0
    },
    {
        "date": "2014-03-29",
        "symbol": "ZTS",
        "period": "Q1",
        "profitloss": 155000000,
        "othercomprehensiveincomelossforeigncurrencytransactionandtranslationadjustmentnetoftax": -11000000,
        "othercomprehensiveincomepensionplansettlementcharge": 3000000,
        "othercomprehensiveincomelossnetoftax": -2000000,
        "comprehensiveincomenetoftaxincludingportionattributabletononcontrollinginterest": 155000000,
        "comprehensiveincomenetoftax": 147000000,
        "salesrevenuenet": 380000000,
        "costofgoodsandservicessold": 379000000,
        "sellinggeneralandadministrativeexpense": 356000000,
        "researchanddevelopmentexpenseexcludingacquiredinprocesscost": 87000000,
        "amortizationofintangibleassetsnotassociatedwithsinglefunction": 15000000,
        "restructuringchargesandacquisitionrelatedcosts": 3000000,
        "interestexpense": 29000000,
        "nonoperatingincomeexpense": -1000000,
        "incomelossfromcontinuingoperationsbeforeincometaxesextraordinaryitemsnoncontrollinginterest": -36000000,
        "incometaxexpensebenefit": 72000000,
        "netincomeloss": 155000000,
        "earningspersharebasic": 0.31,
        "earningspersharediluted": 0.31,
        "weightedaveragenumberofsharesoutstandingbasic": 500231000,
        "weightedaveragenumberofdilutedsharesoutstanding": 500702000,
        "commonstockdividendspersharecashpaid": 0.072
    },
    {
        "date": "2013-12-30",
        "symbol": "ZTS",
        "period": "Q4",
        "profitloss": 104000000,
        "othercomprehensiveincomelossforeigncurrencytransactionandtranslationadjustmentnetoftax": 25000000,
        "othercomprehensiveincomelossnetoftax": 25000000,
        "comprehensiveincomenetoftaxincludingportionattributabletononcontrollinginterest": 81000000,
        "comprehensiveincomenetoftax": 131000000,
        "salesrevenuenet": -185000000,
        "costofgoodsandservicessold": 466000000,
        "sellinggeneralandadministrativeexpense": 458000000,
        "researchanddevelopmentexpenseexcludingacquiredinprocesscost": 121000000,
        "amortizationofintangibleassetsnotassociatedwithsinglefunction": 15000000,
        "restructuringchargesandacquisitionrelatedcosts": 36000000,
        "interestexpense": 30000000,
        "incomelossfromcontinuingoperationsbeforeincometaxesextraordinaryitemsnoncontrollinginterest": -98000000,
        "incometaxexpensebenefit": 22000000,
        "netincomeloss": 105000000,
        "earningspersharebasic": 0.20999999999999996,
        "earningspersharediluted": 0.20999999999999996,
        "weightedaveragenumberofsharesoutstandingbasic": 2000,
        "weightedaveragenumberofdilutedsharesoutstanding": 90000,
        "commonstockdividendspersharecashpaid": 0.07200000000000001
    },
    {
        "date": "2013-09-28",
        "symbol": "ZTS",
        "period": "Q3",
        "profitloss": 131000000,
        "othercomprehensiveincomelossforeigncurrencytransactionandtranslationadjustmentnetoftax": -62000000,
        "othercomprehensiveincomedefinedbenefitplansnetunamortizedgainlossarisingduringperiodnetoftax": 0,
        "othercomprehensiveincomelossnetoftax": -61000000,
        "comprehensiveincomenetoftaxincludingportionattributabletononcontrollinginterest": -270000000,
        "comprehensiveincomenetoftax": 69000000,
        "salesrevenuenet": 1073000000,
        "costofgoodsandservicessold": 385000000,
        "sellinggeneralandadministrativeexpense": 399000000,
        "researchanddevelopmentexpenseexcludingacquiredinprocesscost": 93000000,
        "amortizationofintangibleassetsnotassociatedwithsinglefunction": 15000000,
        "restructuringchargesandacquisitionrelatedcosts": 3000000,
        "interestexpense": 29000000,
        "incomelossfromcontinuingoperationsbeforeincometaxesextraordinaryitemsnoncontrollinginterest": -59000000,
        "incometaxexpensebenefit": 54000000,
        "netincomeloss": 131000000,
        "earningspersharebasic": 0.26,
        "earningspersharediluted": 0.26,
        "weightedaveragenumberofsharesoutstandingbasic": -500000000,
        "weightedaveragenumberofdilutedsharesoutstanding": -500101000,
        "commonstockdividendspersharecashpaid": 0.065
    },
    {
        "date": "2013-06-29",
        "symbol": "ZTS",
        "period": "Q2",
        "profitloss": 128000000,
        "othercomprehensiveincomelossforeigncurrencytransactionandtranslationadjustmentnetoftax": -33000000,
        "othercomprehensiveincomedefinedbenefitplansnetunamortizedgainlossarisingduringperiodnetoftax": -1000000,
        "othercomprehensiveincomelossnetoftax": -34000000,
        "comprehensiveincomenetoftaxincludingportionattributabletononcontrollinginterest": 94000000,
        "comprehensiveincomenetoftax": 94000000,
        "salesrevenuenet": 35000000,
        "costofgoodsandservicessold": 416000000,
        "sellinggeneralandadministrativeexpense": 399000000,
        "researchanddevelopmentexpenseexcludingacquiredinprocesscost": 95000000,
        "amortizationofintangibleassetsnotassociatedwithsinglefunction": 15000000,
        "restructuringchargesandacquisitionrelatedcosts": -20000000,
        "interestexpense": 32000000,
        "otheroperatingincomeexpensenet": 10000000,
        "incomelossfromcontinuingoperationsbeforeincometaxesextraordinaryitemsnoncontrollinginterest": 78000000,
        "incometaxexpensebenefit": 59000000,
        "netincomeloss": 128000000,
        "earningspersharebasic": 0.26,
        "earningspersharediluted": 0.26,
        "weightedaveragenumberofsharesoutstandingbasic": 500000000,
        "weightedaveragenumberofdilutedsharesoutstanding": 500217000,
        "commonstockdividendspersharecashpaid": 0.065
    },
    {
        "date": "2013-03-30",
        "symbol": "ZTS",
        "period": "Q1",
        "profitloss": 140000000,
        "othercomprehensiveincomelossforeigncurrencytransactionandtranslationadjustmentnetoftax": 16000000,
        "othercomprehensiveincomedefinedbenefitplansnetunamortizedgainlossarisingduringperiodnetoftax": -2000000,
        "othercomprehensiveincomelossnetoftax": 16000000,
        "comprehensiveincomenetoftaxincludingportionattributabletononcontrollinginterest": 94000000,
        "comprehensiveincomenetoftax": 154000000,
        "salesrevenuenet": 278000000,
        "costofgoodsandservicessold": 402000000,
        "sellinggeneralandadministrativeexpense": 357000000,
        "researchanddevelopmentexpenseexcludingacquiredinprocesscost": 90000000,
        "amortizationofintangibleassetsnotassociatedwithsinglefunction": 15000000,
        "restructuringchargesandacquisitionrelatedcosts": 7000000,
        "interestexpense": 22000000,
        "otheroperatingincomeexpensenet": -5000000,
        "incomelossfromcontinuingoperationsbeforeincometaxesextraordinaryitemsnoncontrollinginterest": -36000000,
        "incometaxexpensebenefit": 52000000,
        "netincomeloss": 140000000,
        "earningspersharebasic": 0.28,
        "earningspersharediluted": 0.28,
        "weightedaveragenumberofsharesoutstandingbasic": 500000000,
        "weightedaveragenumberofdilutedsharesoutstanding": 500111000,
        "commonstockdividendspersharecashpaid": 0.065
    }
]