[
    {
        "date": "2024-03-30",
        "symbol": "ATO",
        "period": "Q2",
        "revenues": 1589181000,
        "costofrevenue": 788643000,
        "othersellinggeneralandadministrativeexpense": 199899000,
        "depreciationandamortization": 165087000,
        "taxesother": 106956000,
        "operatingincomeloss": 550990000,
        "othernonoperatingincomeexpense": 16687000,
        "interestexpense": 55442000,
        "incomelossfromcontinuingoperationsbeforeincometaxesextraordinaryitemsnoncontrollinginterest": 512235000,
        "incometaxexpensebenefit": 80212000,
        "netincomeloss": 432023000,
        "earningspersharebasic": 2.85,
        "earningspersharediluted": 2.85,
        "commonstockdividendspersharecashpaid": 0.805,
        "weightedaveragenumberofsharesoutstandingbasic": 151271000,
        "weightedaveragenumberofdilutedsharesoutstanding": 151297000,
        "othercomprehensiveincomelossavailableforsalesecuritiesadjustmentnetoftax": -50000,
        "othercomprehensiveincomelosscashflowhedgegainlossafterreclassificationandtaxparent": 27158000,
        "othercomprehensiveincomelossnetoftaxportionattributabletoparent": 27108000,
        "comprehensiveincomenetoftax": 459131000,
        "othercomprehensiveincomeunrealizedholdinggainlossonsecuritiesarisingduringperiodtax": -15000,
        "othercomprehensiveincomelosscashflowhedgegainlossafterreclassificationtaxparent": 7850000
    },
    {
        "date": "2023-12-30",
        "symbol": "ATO",
        "period": "Q1",
        "revenues": 1105338000,
        "costofrevenue": 496662000,
        "othersellinggeneralandadministrativeexpense": 166345000,
        "depreciationandamortization": 164608000,
        "taxesother": 89540000,
        "operatingincomeloss": 399105000,
        "othernonoperatingincomeexpense": 17886000,
        "interestexpense": 51875000,
        "incomelossfromcontinuingoperationsbeforeincometaxesextraordinaryitemsnoncontrollinginterest": 365116000,
        "incometaxexpensebenefit": 53824000,
        "netincomeloss": 311292000,
        "earningspersharebasic": 2.08,
        "earningspersharediluted": 2.08,
        "commonstockdividendspersharecashpaid": 0.805,
        "weightedaveragenumberofsharesoutstandingbasic": 149796000,
        "weightedaveragenumberofdilutedsharesoutstanding": 149796000,
        "othercomprehensiveincomelossavailableforsalesecuritiesadjustmentnetoftax": 296000,
        "othercomprehensiveincomelosscashflowhedgegainlossafterreclassificationandtaxparent": -50232000,
        "othercomprehensiveincomelossnetoftaxportionattributabletoparent": -49936000,
        "comprehensiveincomenetoftax": 261356000,
        "othercomprehensiveincomeunrealizedholdinggainlossonsecuritiesarisingduringperiodtax": 86000,
        "othercomprehensiveincomelosscashflowhedgegainlossafterreclassificationtaxparent": -14519000
    },
    {
        "date": "2023-09-29",
        "symbol": "ATO",
        "period": "Q4",
        "revenues": 1841100000,
        "costofrevenue": 308600000,
        "othersellinggeneralandadministrativeexpense": 375379000,
        "depreciationandamortization": 264928000,
        "taxesother": 165642000,
        "operatingincomeloss": 385826000,
        "othernonoperatingincomeexpense": 21782000,
        "interestexpense": 54656000,
        "incomelossfromcontinuingoperationsbeforeincometaxesextraordinaryitemsnoncontrollinginterest": 352952000,
        "incometaxexpensebenefit": 39960000,
        "netincomeloss": 118524000,
        "earningspersharebasic": 0.7600000000000002,
        "earningspersharediluted": 0.7700000000000002,
        "weightedaveragenumberofsharesoutstandingbasic": 145121000,
        "weightedaveragenumberofdilutedsharesoutstanding": 145166000,
        "othercomprehensiveincomelossavailableforsalesecuritiesadjustmentnetoftax": 26000,
        "othercomprehensiveincomelosscashflowhedgegainlossafterreclassificationandtaxparent": 114099000,
        "othercomprehensiveincomelossnetoftaxportionattributabletoparent": 114125000,
        "comprehensiveincomenetoftax": 232649000,
        "othercomprehensiveincomeunrealizedholdinggainlossonsecuritiesarisingduringperiodtax": 8000,
        "othercomprehensiveincomelosscashflowhedgegainlossafterreclassificationtaxparent": 32977000
    },
    {
        "date": "2023-06-29",
        "symbol": "ATO",
        "period": "Q3",
        "revenues": 616067000,
        "costofrevenue": 206048000,
        "othersellinggeneralandadministrativeexpense": 195049000,
        "depreciationandamortization": 150726000,
        "taxesother": 103155000,
        "operatingincomeloss": 169253000,
        "othernonoperatingincomeexpense": 16170000,
        "interestexpense": 31334000,
        "incomelossfromcontinuingoperationsbeforeincometaxesextraordinaryitemsnoncontrollinginterest": 154089000,
        "incometaxexpensebenefit": 16282000,
        "netincomeloss": 137807000,
        "earningspersharebasic": 0.94,
        "earningspersharediluted": 0.94,
        "commonstockdividendspersharecashpaid": 0.74,
        "weightedaveragenumberofsharesoutstandingbasic": 146051000,
        "weightedaveragenumberofdilutedsharesoutstanding": 146067000,
        "othercomprehensiveincomelossavailableforsalesecuritiesadjustmentnetoftax": -121000,
        "othercomprehensiveincomelosscashflowhedgegainlossafterreclassificationandtaxparent": 43527000,
        "othercomprehensiveincomelossnetoftaxportionattributabletoparent": 43406000,
        "comprehensiveincomenetoftax": 181213000,
        "othercomprehensiveincomeunrealizedholdinggainlossonsecuritiesarisingduringperiodtax": -35000,
        "othercomprehensiveincomelosscashflowhedgegainlossafterreclassificationtaxparent": 12580000
    },
    {
        "date": "2023-03-30",
        "symbol": "ATO",
        "period": "Q2",
        "revenues": 1500210000,
        "costofrevenue": 809023000,
        "othersellinggeneralandadministrativeexpense": 194716000,
        "depreciationandamortization": 148317000,
        "taxesother": 109091000,
        "operatingincomeloss": 422638000,
        "othernonoperatingincomeexpense": 17406000,
        "interestexpense": 37370000,
        "incomelossfromcontinuingoperationsbeforeincometaxesextraordinaryitemsnoncontrollinginterest": 402674000,
        "incometaxexpensebenefit": 45003000,
        "netincomeloss": 357671000,
        "earningspersharebasic": 2.48,
        "earningspersharediluted": 2.48,
        "commonstockdividendspersharecashpaid": 0.74,
        "weightedaveragenumberofsharesoutstandingbasic": 143941000,
        "weightedaveragenumberofdilutedsharesoutstanding": 143987000,
        "othercomprehensiveincomelossavailableforsalesecuritiesadjustmentnetoftax": 134000,
        "othercomprehensiveincomelosscashflowhedgegainlossafterreclassificationandtaxparent": -30467000,
        "othercomprehensiveincomelossnetoftaxportionattributabletoparent": -30333000,
        "comprehensiveincomenetoftax": 327338000,
        "othercomprehensiveincomeunrealizedholdinggainlossonsecuritiesarisingduringperiodtax": 39000,
        "othercomprehensiveincomelosscashflowhedgegainlossafterreclassificationtaxparent": -8806000
    },
    {
        "date": "2022-12-30",
        "symbol": "ATO",
        "period": "Q1",
        "revenues": 142313000,
        "costofrevenue": 738249000,
        "othersellinggeneralandadministrativeexpense": -238000,
        "depreciationandamortization": 40356000,
        "taxesother": 8916000,
        "operatingincomeloss": 89430000,
        "othernonoperatingincomeexpense": 14417000,
        "interestexpense": 13921000,
        "incomelossfromcontinuingoperationsbeforeincometaxesextraordinaryitemsnoncontrollinginterest": 89926000,
        "incometaxexpensebenefit": 12534000,
        "netincomeloss": 271860000,
        "earningspersharebasic": 1.92,
        "earningspersharediluted": 1.91,
        "commonstockdividendspersharecashpaid": 0.74,
        "weightedaveragenumberofsharesoutstandingbasic": 141820000,
        "weightedaveragenumberofdilutedsharesoutstanding": 141937000,
        "othercomprehensiveincomelossavailableforsalesecuritiesadjustmentnetoftax": 87000,
        "othercomprehensiveincomelosscashflowhedgegainlossafterreclassificationandtaxparent": 22131000,
        "othercomprehensiveincomelossnetoftaxportionattributabletoparent": 22218000,
        "comprehensiveincomenetoftax": 294078000,
        "othercomprehensiveincomeunrealizedholdinggainlossonsecuritiesarisingduringperiodtax": 25000,
        "othercomprehensiveincomelosscashflowhedgegainlossafterreclassificationtaxparent": 6397000
    },
    {
        "date": "2022-06-29",
        "symbol": "ATO",
        "period": "Q3",
        "revenues": 773311000,
        "costofrevenue": 390559000,
        "othersellinggeneralandadministrativeexpense": 182325000,
        "depreciationandamortization": 134231000,
        "taxesother": 96127000,
        "operatingincomeloss": 154587000,
        "othernonoperatingincomeexpense": 13263000,
        "interestexpense": 26190000,
        "incomelossfromcontinuingoperationsbeforeincometaxesextraordinaryitemsnoncontrollinginterest": 141660000,
        "incometaxexpensebenefit": 13113000,
        "netincomeloss": 128547000,
        "earningspersharebasic": 0.92,
        "earningspersharediluted": 0.92,
        "commonstockdividendspersharecashpaid": 0.68,
        "weightedaveragenumberofsharesoutstandingbasic": 139881000,
        "weightedaveragenumberofdilutedsharesoutstanding": 140227000,
        "othercomprehensiveincomelossavailableforsalesecuritiesadjustmentnetoftax": -106000,
        "othercomprehensiveincomelosscashflowhedgegainlossafterreclassificationandtaxparent": 159737000,
        "othercomprehensiveincomelossnetoftaxportionattributabletoparent": 159631000,
        "comprehensiveincomenetoftax": 288178000,
        "othercomprehensiveincomeunrealizedholdinggainlossonsecuritiesarisingduringperiodtax": -31000,
        "othercomprehensiveincomelosscashflowhedgegainlossafterreclassificationtaxparent": 46168000
    },
    {
        "date": "2022-03-30",
        "symbol": "ATO",
        "period": "Q2",
        "revenues": 123595000,
        "costofrevenue": 871378000,
        "othersellinggeneralandadministrativeexpense": -315000,
        "depreciationandamortization": 36762000,
        "taxesother": 9347000,
        "operatingincomeloss": 73829000,
        "othernonoperatingincomeexpense": 4664000,
        "interestexpense": 13771000,
        "incomelossfromcontinuingoperationsbeforeincometaxesextraordinaryitemsnoncontrollinginterest": 64722000,
        "incometaxexpensebenefit": 8574000,
        "netincomeloss": 324999000,
        "earningspersharebasic": 2.37,
        "earningspersharediluted": 2.37,
        "commonstockdividendspersharecashpaid": 0.68,
        "weightedaveragenumberofsharesoutstandingbasic": 136834000,
        "weightedaveragenumberofdilutedsharesoutstanding": 137250000,
        "othercomprehensiveincomelossavailableforsalesecuritiesadjustmentnetoftax": -161000,
        "othercomprehensiveincomelosscashflowhedgegainlossafterreclassificationandtaxparent": 121884000,
        "othercomprehensiveincomelossnetoftaxportionattributabletoparent": 121723000,
        "comprehensiveincomenetoftax": 446722000,
        "othercomprehensiveincomeunrealizedholdinggainlossonsecuritiesarisingduringperiodtax": -47000,
        "othercomprehensiveincomelosscashflowhedgegainlossafterreclassificationtaxparent": 35228000
    },
    {
        "date": "2021-12-30",
        "symbol": "ATO",
        "period": "Q1",
        "revenues": 121768000,
        "costofrevenue": 371163000,
        "othersellinggeneralandadministrativeexpense": -329000,
        "depreciationandamortization": 35059000,
        "taxesother": 9751000,
        "operatingincomeloss": 85364000,
        "othernonoperatingincomeexpense": 6786000,
        "interestexpense": 11303000,
        "incomelossfromcontinuingoperationsbeforeincometaxesextraordinaryitemsnoncontrollinginterest": 80847000,
        "incometaxexpensebenefit": 11209000,
        "netincomeloss": 249209000,
        "earningspersharebasic": 1.86,
        "earningspersharediluted": 1.86,
        "commonstockdividendspersharecashpaid": 0.68,
        "weightedaveragenumberofsharesoutstandingbasic": 133682000,
        "weightedaveragenumberofdilutedsharesoutstanding": 133689000,
        "othercomprehensiveincomelossavailableforsalesecuritiesadjustmentnetoftax": -69000,
        "othercomprehensiveincomelosscashflowhedgegainlossafterreclassificationandtaxparent": -45878000,
        "othercomprehensiveincomelossnetoftaxportionattributabletoparent": -45947000,
        "comprehensiveincomenetoftax": 203262000,
        "othercomprehensiveincomeunrealizedholdinggainlossonsecuritiesarisingduringperiodtax": -20000,
        "othercomprehensiveincomelosscashflowhedgegainlossafterreclassificationtaxparent": -13260000
    },
    {
        "date": "2021-06-29",
        "symbol": "ATO",
        "period": "Q3",
        "revenues": 558750000,
        "costofrevenue": 202050000,
        "othersellinggeneralandadministrativeexpense": 184470000,
        "depreciationandamortization": 119348000,
        "taxesother": 81475000,
        "operatingincomeloss": 133390000,
        "othernonoperatingincomeexpense": 5887000,
        "interestincomeexpensenet": -20962000,
        "incomelossfromcontinuingoperationsbeforeincometaxesminorityinterestandincomelossfromequitymethodinvestments": 118315000,
        "incometaxexpensebenefit": 15904000,
        "netincomeloss": 102411000,
        "earningspersharebasic": 0.78,
        "earningspersharediluted": 0.78,
        "commonstockdividendspersharecashpaid": 0.625,
        "weightedaveragenumberofsharesoutstandingbasic": 131358000,
        "weightedaveragenumberofdilutedsharesoutstanding": 131486000,
        "othercomprehensiveincomelossavailableforsalesecuritiesadjustmentnetoftax": -36000,
        "othercomprehensiveincomelosscashflowhedgegainlossafterreclassificationandtaxparent": -79196000,
        "othercomprehensiveincomelossnetoftaxportionattributabletoparent": -79232000,
        "comprehensiveincomenetoftax": 23179000,
        "othercomprehensiveincomeunrealizedholdinggainlossonsecuritiesarisingduringperiodtax": -11000,
        "othercomprehensiveincomelosscashflowhedgegainlossafterreclassificationtaxparent": -22890000
    },
    {
        "date": "2021-03-30",
        "symbol": "ATO",
        "period": "Q2",
        "revenues": 1282674000,
        "costofrevenue": 691147000,
        "othersellinggeneralandadministrativeexpense": 156375000,
        "depreciationandamortization": 118636000,
        "taxesother": 88449000,
        "operatingincomeloss": 381804000,
        "othernonoperatingincomeexpense": 2834000,
        "interestincomeexpensenet": -26096000,
        "incomelossfromcontinuingoperationsbeforeincometaxesminorityinterestandincomelossfromequitymethodinvestments": 358542000,
        "incometaxexpensebenefit": 61788000,
        "netincomeloss": 296754000,
        "earningspersharebasic": 2.3,
        "earningspersharediluted": 2.3,
        "commonstockdividendspersharecashpaid": 0.625,
        "weightedaveragenumberofsharesoutstandingbasic": 129161000,
        "weightedaveragenumberofdilutedsharesoutstanding": 129164000,
        "othercomprehensiveincomelossavailableforsalesecuritiesadjustmentnetoftax": -66000,
        "othercomprehensiveincomelosscashflowhedgegainlossafterreclassificationandtaxparent": 138005000,
        "othercomprehensiveincomelossnetoftaxportionattributabletoparent": 137939000,
        "comprehensiveincomenetoftax": 434693000,
        "othercomprehensiveincomeunrealizedholdinggainlossonsecuritiesarisingduringperiodtax": -19000,
        "othercomprehensiveincomelosscashflowhedgegainlossafterreclassificationtaxparent": 39887000
    },
    {
        "date": "2020-12-30",
        "symbol": "ATO",
        "period": "Q1",
        "revenues": 876650000,
        "costofrevenue": 411072000,
        "othersellinggeneralandadministrativeexpense": 138643000,
        "depreciationandamortization": 115285000,
        "taxesother": 73452000,
        "operatingincomeloss": 298840000,
        "othernonoperatingincomeexpense": 6072000,
        "interestexpense": 22010000,
        "incomelossfromcontinuingoperationsbeforeincometaxesminorityinterestandincomelossfromequitymethodinvestments": 282902000,
        "incometaxexpensebenefit": 65224000,
        "netincomeloss": 217678000,
        "earningspersharebasic": 1.71,
        "earningspersharediluted": 1.71,
        "commonstockdividendspersharecashpaid": 0.625,
        "weightedaveragenumberofsharesoutstandingbasic": 127034000,
        "weightedaveragenumberofdilutedsharesoutstanding": 127034000,
        "othercomprehensiveincomelossavailableforsalesecuritiesadjustmentnetoftax": -63000,
        "othercomprehensiveincomelosscashflowhedgegainlossafterreclassificationandtaxparent": 60184000,
        "othercomprehensiveincomelossnetoftaxportionattributabletoparent": 60121000,
        "comprehensiveincomenetoftax": 277799000,
        "othercomprehensiveincomeunrealizedholdinggainlossonsecuritiesarisingduringperiodtax": -18000,
        "othercomprehensiveincomelosscashflowhedgegainlossafterreclassificationtaxparent": 17395000
    },
    {
        "date": "2020-09-29",
        "symbol": "ATO",
        "period": "Q4",
        "revenues": 2191270000,
        "costofrevenue": 330383000,
        "othersellinggeneralandadministrativeexpense": 480792000,
        "depreciationandamortization": 264085000,
        "taxesother": 192876000,
        "operatingincomeloss": 534663000,
        "othernonoperatingincomeexpense": -5199000,
        "interestexpense": 42653000,
        "incomelossfromcontinuingoperationsbeforeincometaxesminorityinterestandincomelossfromequitymethodinvestments": 486811000,
        "incometaxexpensebenefit": 104657000,
        "earningspersharebasic": 0.5099999999999998,
        "earningspersharediluted": 0.5099999999999998,
        "weightedaveragenumberofsharesoutstandingbasic": -244267000,
        "weightedaveragenumberofdilutedsharesoutstanding": -244516000,
        "othercomprehensiveincomelossavailableforsalesecuritiesadjustmentnetoftax": -94000,
        "othercomprehensiveincomelossnetoftaxportionattributabletoparent": 59138000,
        "comprehensiveincomenetoftax": 124471000
    },
    {
        "date": "2020-06-29",
        "symbol": "ATO",
        "period": "Q3",
        "revenues": 435308000,
        "costofrevenue": 126093000,
        "othersellinggeneralandadministrativeexpense": 149460000,
        "depreciationandamortization": 107104000,
        "taxesother": 71324000,
        "operatingincomeloss": 139035000,
        "othernonoperatingincomeexpense": 7235000,
        "interestexpense": 19580000,
        "incomelossfromcontinuingoperationsbeforeincometaxesminorityinterestandincomelossfromequitymethodinvestments": 126690000,
        "incometaxexpensebenefit": 8899000,
        "netincomeloss": 117791000,
        "earningspersharebasic": 0.96,
        "earningspersharediluted": 0.96,
        "commonstockdividendspersharecashpaid": 0.575,
        "weightedaveragenumberofsharesoutstandingbasic": 123026000,
        "weightedaveragenumberofdilutedsharesoutstanding": 123032000,
        "othercomprehensiveincomelossavailableforsalesecuritiesadjustmentnetoftax": 364000,
        "othercomprehensiveincomelosscashflowhedgegainlossafterreclassificationandtaxparent": -4450000,
        "othercomprehensiveincomelossnetoftaxportionattributabletoparent": -4086000,
        "comprehensiveincomenetoftax": 113705000,
        "othercomprehensiveincomeunrealizedholdinggainlossonsecuritiesarisingduringperiodtax": 96000,
        "othercomprehensiveincomelosscashflowhedgegainlossafterreclassificationtaxparent": -1115000
    },
    {
        "date": "2020-03-30",
        "symbol": "ATO",
        "period": "Q2",
        "revenues": 933005000,
        "costofrevenue": 418935000,
        "othersellinggeneralandadministrativeexpense": 147824000,
        "depreciationandamortization": 105916000,
        "taxesother": 74604000,
        "operatingincomeloss": 331438000,
        "othernonoperatingincomeexpense": -2989000,
        "interestexpense": 22171000,
        "incomelossfromcontinuingoperationsbeforeincometaxesminorityinterestandincomelossfromequitymethodinvestments": 306278000,
        "incometaxexpensebenefit": 66632000,
        "netincomeloss": 239646000,
        "earningspersharebasic": 1.95,
        "earningspersharediluted": 1.95,
        "commonstockdividendspersharecashpaid": 0.575,
        "weightedaveragenumberofsharesoutstandingbasic": 122916000,
        "weightedaveragenumberofdilutedsharesoutstanding": 122997000,
        "othercomprehensiveincomelossavailableforsalesecuritiesadjustmentnetoftax": -163000,
        "othercomprehensiveincomelosscashflowhedgegainlossafterreclassificationandtaxparent": 1053000,
        "othercomprehensiveincomelossnetoftaxportionattributabletoparent": 890000,
        "comprehensiveincomenetoftax": 240536000,
        "othercomprehensiveincomeunrealizedholdinggainlossonsecuritiesarisingduringperiodtax": -49000,
        "othercomprehensiveincomelosscashflowhedgegainlossafterreclassificationtaxparent": 312000
    },
    {
        "date": "2019-12-30",
        "symbol": "ATO",
        "period": "Q1",
        "revenues": 828504000,
        "costofrevenue": 397558000,
        "othersellinggeneralandadministrativeexpense": 152245000,
        "depreciationandamortization": 105062000,
        "taxesother": 68607000,
        "operatingincomeloss": 252781000,
        "othernonoperatingincomeexpense": 4887000,
        "interestexpense": 27229000,
        "incomelossfromcontinuingoperationsbeforeincometaxesminorityinterestandincomelossfromequitymethodinvestments": 230439000,
        "incometaxexpensebenefit": 51766000,
        "netincomeloss": 178673000,
        "earningspersharebasic": 1.47,
        "earningspersharediluted": 1.47,
        "commonstockdividendspersharecashpaid": 0.575,
        "weightedaveragenumberofsharesoutstandingbasic": 121113000,
        "weightedaveragenumberofdilutedsharesoutstanding": 121359000,
        "othercomprehensiveincomelossavailableforsalesecuritiesadjustmentnetoftax": -1000,
        "othercomprehensiveincomederivativesqualifyingashedgesnetoftaxportionattributabletoparent": 1053000,
        "othercomprehensiveincomelossnetoftaxportionattributabletoparent": 1052000,
        "comprehensiveincomenetoftax": 179725000,
        "othercomprehensiveincomelossinterestratecontractderivativesqualifyingashedgestax": 311000
    },
    {
        "date": "2019-09-29",
        "symbol": "ATO",
        "period": "Q4",
        "revenues": 881438000,
        "costofrevenue": 423424000,
        "othersellinggeneralandadministrativeexpense": 459898000,
        "depreciationandamortization": 241434000,
        "taxesother": 194830000,
        "operatingincomeloss": 367361000,
        "othernonoperatingincomeexpense": 17518000,
        "interestexpense": 55256000,
        "incomelossfromcontinuingoperationsbeforeincometaxesminorityinterestandincomelossfromequitymethodinvestments": 329623000,
        "incometaxexpensebenefit": 66626000,
        "netincomeloss": 58406000,
        "earningspersharebasic": 0.4700000000000002,
        "earningspersharediluted": 0.46999999999999953,
        "weightedaveragenumberofsharesoutstandingbasic": -232256000,
        "weightedaveragenumberofdilutedsharesoutstanding": -232557000,
        "othercomprehensiveincomelossnetoftaxportionattributabletoparent": 1080000,
        "comprehensiveincomenetoftax": 59486000
    },
    {
        "date": "2019-06-29",
        "symbol": "ATO",
        "period": "Q3",
        "revenues": 444944000,
        "costofrevenue": 139518000,
        "othersellinggeneralandadministrativeexpense": 164545000,
        "depreciationandamortization": 97700000,
        "taxesother": 69965000,
        "operatingincomeloss": 122202000,
        "othernonoperatingincomeexpense": 1645000,
        "interestexpense": 19592000,
        "incomelossfromcontinuingoperationsbeforeincometaxesminorityinterestandincomelossfromequitymethodinvestments": 104255000,
        "incometaxexpensebenefit": 23789000,
        "netincomeloss": 80466000,
        "earningspersharebasic": 0.68,
        "earningspersharediluted": 0.68,
        "commonstockdividendspersharecashpaid": 0.525,
        "weightedaveragenumberofsharesoutstandingbasic": 118075000,
        "weightedaveragenumberofdilutedsharesoutstanding": 118430000,
        "othercomprehensiveincomelossavailableforsalesecuritiesadjustmentnetoftax": 94000,
        "othercomprehensiveincomelossderivativesqualifyingashedgesnetoftax": 1053000,
        "othercomprehensiveincomelossnetoftaxportionattributabletoparent": 1147000,
        "comprehensiveincomenetoftax": 81613000,
        "othercomprehensiveincomeunrealizedholdinggainlossonsecuritiesarisingduringperiodtax": 27000,
        "othercomprehensiveincomelossderivativesqualifyingashedgestax": 312000
    },
    {
        "date": "2019-03-30",
        "symbol": "ATO",
        "period": "Q2",
        "revenues": 1094645000,
        "costofrevenue": 471676000,
        "othersellinggeneralandadministrativeexpense": 32118000,
        "depreciationandamortization": 26868000,
        "taxesother": 8040000,
        "operatingincomeloss": 68714000,
        "othernonoperatingincomeexpense": -1031000,
        "interestexpense": 11053000,
        "incomelossfromcontinuingoperationsbeforeincometaxesminorityinterestandincomelossfromequitymethodinvestments": 56630000,
        "incometaxexpensebenefit": 13935000,
        "netincomeloss": 214888000,
        "earningspersharebasic": 1.83,
        "earningspersharediluted": 1.82,
        "commonstockdividendspersharecashpaid": 0.525,
        "weightedaveragenumberofsharesoutstandingbasic": 117581000,
        "weightedaveragenumberofdilutedsharesoutstanding": 117756000,
        "othercomprehensiveincomelossavailableforsalesecuritiesadjustmentnetoftax": 97000,
        "othercomprehensiveincomelossderivativesqualifyingashedgesnetoftax": -2792000,
        "othercomprehensiveincomelossnetoftaxportionattributabletoparent": -2695000,
        "comprehensiveincomenetoftax": 212193000,
        "othercomprehensiveincomeunrealizedholdinggainlossonsecuritiesarisingduringperiodtax": 29000,
        "othercomprehensiveincomelossinterestratecontractderivativesqualifyingashedgestax": -825000
    },
    {
        "date": "2018-12-30",
        "symbol": "ATO",
        "period": "Q1",
        "revenues": 877782000,
        "costofrevenue": 342165000,
        "othersellinggeneralandadministrativeexpense": 138600000,
        "depreciationandamortization": 96065000,
        "taxesother": 64488000,
        "operatingincomeloss": 236464000,
        "othernonoperatingincomeexpense": -7723000,
        "interestexpense": 27849000,
        "incomelossfromcontinuingoperationsbeforeincometaxesminorityinterestandincomelossfromequitymethodinvestments": 200892000,
        "incometaxexpensebenefit": 43246000,
        "netincomeloss": 157646000,
        "earningspersharebasic": 1.38,
        "earningspersharediluted": 1.38,
        "commonstockdividendspersharecashpaid": 0.525,
        "weightedaveragenumberofsharesoutstandingbasic": 113800000,
        "weightedaveragenumberofdilutedsharesoutstanding": 113832000,
        "othercomprehensiveincomelossinterestratecontractderivativesqualifyingashedgesnetoftax": -22258000,
        "othercomprehensiveincomelossnetoftaxportionattributabletoparent": -22258000,
        "comprehensiveincomenetoftax": 135388000,
        "othercomprehensiveincomelossinterestratecontractderivativesqualifyingashedgestax": -6580000
    },
    {
        "date": "2018-09-29",
        "symbol": "ATO",
        "period": "Q4",
        "netincomeloss": 219334000,
        "othercomprehensiveincomelossavailableforsalesecuritiesadjustmentnetoftax": 341000,
        "othercomprehensiveincomelossnetoftaxportionattributabletoparent": 15668000,
        "comprehensiveincomenetoftax": 54415000,
        "othercomprehensiveincomeunrealizedholdinggainlossonsecuritiesarisingduringperiodtax": 100000,
        "othersellinggeneralandadministrativeexpense": -126903000,
        "depreciationandamortization": -40120000,
        "taxesother": -46968000,
        "operatingincomeloss": -119587000,
        "othernonoperatingincomeexpense": -2000,
        "interestexpense": -40134000,
        "incomelossfromcontinuingoperationsbeforeincometaxesminorityinterestandincomelossfromequitymethodinvestments": -253694000,
        "incometaxexpensebenefit": 92371000,
        "incomelossfromcontinuingoperations": 38747000,
        "incomelossfromcontinuingoperationsperbasicanddilutedshare": 0.2999999999999998,
        "earningspersharebasicanddiluted": 0.2999999999999998,
        "weightedaveragenumberofshareoutstandingbasicanddiluted": -221109000
    },
    {
        "date": "2018-06-29",
        "symbol": "ATO",
        "period": "Q3",
        "netincomeloss": 35849000,
        "othercomprehensiveincomelossavailableforsalesecuritiesadjustmentnetoftax": 310000,
        "othercomprehensiveincomelossinterestratecontractderivativesqualifyingashedgesnetoftax": 8320000,
        "othercomprehensiveincomelossnetoftaxportionattributabletoparent": 8630000,
        "comprehensiveincomenetoftax": 79823000,
        "othercomprehensiveincomeunrealizedholdinggainlossonsecuritiesarisingduringperiodtax": 92000,
        "othercomprehensiveincomelossinterestratecontractderivativesqualifyingashedgestax": 2460000,
        "revenues": 562245000,
        "costofnaturalgaspurchases": 561000,
        "othersellinggeneralandadministrativeexpense": 7000,
        "depreciationandamortization": 24167000,
        "taxesother": 8200000,
        "operatingincomeloss": 61211000,
        "othernonoperatingincomeexpense": -812000,
        "interestexpense": 594000,
        "incomelossfromcontinuingoperationsbeforeincometaxesminorityinterestandincomelossfromequitymethodinvestments": 7000,
        "incometaxexpensebenefit": 2000,
        "incomelossfromcontinuingoperations": 71193000,
        "incomelossfromcontinuingoperationsperbasicanddilutedshare": 0.64,
        "earningspersharebasicanddiluted": 0.64,
        "commonstockdividendspersharecashpaid": 0.485,
        "weightedaveragenumberofshareoutstandingbasicanddiluted": 111851000
    },
    {
        "date": "2018-03-30",
        "symbol": "ATO",
        "period": "Q2",
        "netincomeloss": 33749000,
        "othercomprehensiveincomelossavailableforsalesecuritiesadjustmentnetoftax": -939000,
        "othercomprehensiveincomelossderivativesqualifyingashedgesnetoftax": 22244000,
        "othercomprehensiveincomelossnetoftaxportionattributabletoparent": 21305000,
        "comprehensiveincomenetoftax": 200297000,
        "othercomprehensiveincomeunrealizedholdinggainlossonsecuritiesarisingduringperiodtax": -276000,
        "othercomprehensiveincomelossderivativesqualifyingashedgestax": 6575000,
        "regulatedandunregulatedoperatingrevenue": -100837000,
        "costofnaturalgaspurchases": -100526000,
        "othersellinggeneralandadministrativeexpense": -311000,
        "depreciationandamortization": 23732000,
        "taxesother": 8315000,
        "operatingincomeloss": 59082000,
        "othernonoperatingincomeexpense": -646000,
        "interestexpense": 10406000,
        "incomelossfromcontinuingoperationsbeforeincometaxesminorityinterestandincomelossfromequitymethodinvestments": 48030000,
        "incometaxexpensebenefit": 14281000,
        "incomelossfromcontinuingoperations": 178992000,
        "incomelossfromcontinuingoperationsperbasicanddilutedshare": 1.6,
        "earningspersharebasicanddiluted": 1.6,
        "commonstockdividendspersharecashpaid": 0.485,
        "weightedaveragenumberofshareoutstandingbasicanddiluted": 111706000
    },
    {
        "date": "2017-12-30",
        "symbol": "ATO",
        "period": "Q1",
        "netincomeloss": 314132000,
        "othercomprehensiveincomelossavailableforsalesecuritiesadjustmentnetoftax": -107000,
        "othercomprehensiveincomelossderivativesqualifyingashedgesnetoftax": -955000,
        "othercomprehensiveincomelossnetoftaxportionattributabletoparent": -1062000,
        "comprehensiveincomenetoftax": 313070000,
        "othercomprehensiveincomeunrealizedholdinggainlossonsecuritiesarisingduringperiodtax": -62000,
        "othercomprehensiveincomelossderivativesqualifyingashedgestax": -549000,
        "regulatedandunregulatedoperatingrevenue": 889192000,
        "costofnaturalgaspurchases": 366917000,
        "othersellinggeneralandadministrativeexpense": 129567000,
        "depreciationandamortization": 88374000,
        "taxesother": 62773000,
        "operatingincomeloss": 241561000,
        "othernonoperatingincomeexpense": -2035000,
        "interestexpense": 31509000,
        "incomelossfromcontinuingoperationsbeforeincometaxesminorityinterestandincomelossfromequitymethodinvestments": 208017000,
        "incometaxexpensebenefit": -106115000,
        "incomelossfromcontinuingoperations": 314132000,
        "incomelossfromcontinuingoperationsperbasicanddilutedshare": 2.89,
        "earningspersharebasicanddiluted": 2.89,
        "commonstockdividendspersharecashpaid": 0.485,
        "weightedaveragenumberofshareoutstandingbasicanddiluted": 108564000
    },
    {
        "date": "2017-09-29",
        "symbol": "ATO",
        "period": "Q4",
        "netincomeloss": 302586000,
        "othercomprehensiveincomelossavailableforsalesecuritiesadjustmentnetoftax": 1011000,
        "othercomprehensiveincomelossderivativesqualifyingashedgesnetoftax": -1666000,
        "othercomprehensiveincomelossnetoftaxportionattributabletoparent": -655000,
        "comprehensiveincomenetoftax": 35198000,
        "othercomprehensiveincomeunrealizedholdinggainlossonsecuritiesarisingduringperiodtax": 580000,
        "othercomprehensiveincomelossderivativesqualifyingashedgestax": -956000,
        "regulatedandunregulatedoperatingrevenue": -90861000,
        "costofnaturalgaspurchases": -90861000,
        "depreciationandamortization": 20948000,
        "taxesother": 7899000,
        "operatingincomeloss": 44899000,
        "othernonoperatingincomeexpense": -791000,
        "interestexpense": 10358000,
        "incomelossfromcontinuingoperationsbeforeincometaxesminorityinterestandincomelossfromequitymethodinvestments": 33750000,
        "incometaxexpensebenefit": 13243000,
        "incomelossfromcontinuingoperations": 20507000,
        "incomelossfromcontinuingoperationsperbasicanddilutedshare": 0.33000000000000007,
        "earningspersharebasicanddiluted": 0.33000000000000007,
        "weightedaveragenumberofshareoutstandingbasicanddiluted": 238000
    },
    {
        "date": "2017-06-29",
        "symbol": "ATO",
        "period": "Q3",
        "netincomeloss": 34294000,
        "othercomprehensiveincomelossavailableforsalesecuritiesadjustmentnetoftax": 851000,
        "othercomprehensiveincomelossderivativesqualifyingashedgesnetoftax": -18556000,
        "othercomprehensiveincomelossnetoftaxportionattributabletoparent": -17705000,
        "comprehensiveincomenetoftax": 53103000,
        "othercomprehensiveincomeunrealizedholdinggainlossonsecuritiesarisingduringperiodtax": 490000,
        "othercomprehensiveincomelossderivativesqualifyingashedgestax": -10667000,
        "regulatedandunregulatedoperatingrevenue": -84842000,
        "costofnaturalgaspurchases": -84842000,
        "othersellinggeneralandadministrativeexpense": 0,
        "depreciationandamortization": 17263000,
        "taxesother": 6098000,
        "operatingincomeloss": 63612000,
        "othernonoperatingincomeexpense": -227000,
        "interestexpense": 10104000,
        "incomelossfromcontinuingoperationsbeforeincometaxesminorityinterestandincomelossfromequitymethodinvestments": 53281000,
        "incometaxexpensebenefit": 18987000,
        "incomelossfromcontinuingoperations": 34294000,
        "incomelossfromdiscontinuedoperationsnetoftaxattributabletoreportingentity": 0,
        "incomelossfromcontinuingoperationsperbasicanddilutedshare": 0.6600000000000001,
        "discontinuedoperationincomelossfromdiscontinuedoperationnetoftaxperbasicanddilutedshare": 0,
        "earningspersharebasicanddiluted": 0.6599999999999997,
        "commonstockdividendspersharecashpaid": 0.4500000000000001,
        "weightedaveragenumberofshareoutstandingbasicanddiluted": 252000
    },
    {
        "date": "2017-03-30",
        "symbol": "ATO",
        "period": "Q2",
        "netincomeloss": -65491000,
        "othercomprehensiveincomelossavailableforsalesecuritiesadjustmentnetoftax": 1530000,
        "othercomprehensiveincomelossderivativesqualifyingashedgesnetoftax": -752000,
        "othercomprehensiveincomelossnetoftaxportionattributabletoparent": 5760000,
        "comprehensiveincomenetoftax": 170488000,
        "othercomprehensiveincomeunrealizedholdinggainlossonsecuritiesarisingduringperiodtax": 879000,
        "othercomprehensiveincomelossderivativesqualifyingashedgestax": 2432000,
        "regulatedandunregulatedoperatingrevenue": -950935000,
        "costofnaturalgaspurchases": -482028000,
        "othersellinggeneralandadministrativeexpense": -124982000,
        "depreciationandamortization": -44792000,
        "taxesother": -42568000,
        "operatingincomeloss": -96525000,
        "othernonoperatingincomeexpense": 437000,
        "interestexpense": -11099000,
        "incomelossfromcontinuingoperationsbeforeincometaxesminorityinterestandincomelossfromequitymethodinvestments": -84989000,
        "incometaxexpensebenefit": -30492000,
        "incomelossfromcontinuingoperations": -54497000,
        "incomelossfromdiscontinuedoperationsnetoftaxattributabletoreportingentity": 2716000,
        "incomelossfromcontinuingoperationsperbasicanddilutedshare": 1.5299999999999998,
        "discontinuedoperationincomelossfromdiscontinuedoperationnetoftaxperbasicanddilutedshare": 0.020000000000000004,
        "earningspersharebasicanddiluted": 1.5500000000000003,
        "commonstockdividendspersharecashpaid": 0.45,
        "weightedaveragenumberofshareoutstandingbasicanddiluted": 326000,
        "discontinuedoperationtaxeffectofdiscontinuedoperation": 0
    },
    {
        "date": "2016-12-30",
        "symbol": "ATO",
        "period": "Q1",
        "netincomeloss": 125032000,
        "othercomprehensiveincomelossavailableforsalesecuritiesadjustmentnetoftax": -828000,
        "othercomprehensiveincomelossderivativesqualifyingashedgesnetoftax": 96196000,
        "othercomprehensiveincomelossnetoftaxportionattributabletoparent": 95368000,
        "comprehensiveincomenetoftax": 220400000,
        "othercomprehensiveincomeunrealizedholdinggainlossonsecuritiesarisingduringperiodtax": -476000,
        "othercomprehensiveincomelossderivativesqualifyingashedgestax": 52429000,
        "regulatedandunregulatedoperatingrevenue": 780168000,
        "costofnaturalgaspurchases": 311305000,
        "grossprofit": 468863000,
        "othersellinggeneralandadministrativeexpense": 124938000,
        "depreciationandamortization": 76958000,
        "taxesother": 57049000,
        "operatingexpenses": 258945000,
        "operatingincomeloss": 209918000,
        "othernonoperatingincomeexpense": -994000,
        "interestexpense": 31030000,
        "incomelossfromcontinuingoperationsbeforeincometaxesminorityinterestandincomelossfromequitymethodinvestments": 177894000,
        "incometaxexpensebenefit": 63856000,
        "incomelossfromcontinuingoperations": 114038000,
        "incomelossfromdiscontinuedoperationsnetoftaxattributabletoreportingentity": 10994000,
        "incomelossfromcontinuingoperationsperbasicanddilutedshare": 1.08,
        "discontinuedoperationincomelossfromdiscontinuedoperationnetoftaxperbasicanddilutedshare": 0.11,
        "earningspersharebasicanddiluted": 1.19,
        "commonstockdividendspersharecashpaid": 0.45,
        "weightedaveragenumberofshareoutstandingbasicanddiluted": 105284000,
        "discontinuedoperationtaxeffectofdiscontinuedoperation": 6841000
    },
    {
        "date": "2016-09-29",
        "symbol": "ATO",
        "period": "Q4",
        "netincomeloss": 188928000,
        "othercomprehensiveincomelossavailableforsalesecuritiesadjustmentnetoftax": 1031000,
        "othercomprehensiveincomelossderivativesqualifyingashedgesnetoftax": -12950000,
        "othercomprehensiveincomelossnetoftaxportionattributabletoparent": -9789000,
        "comprehensiveincomenetoftax": 24451000,
        "othercomprehensiveincomeunrealizedholdinggainlossonsecuritiesarisingduringperiodtax": 592000,
        "othercomprehensiveincomelossderivativesqualifyingashedgestax": -6092000,
        "regulatedandunregulatedoperatingrevenue": -1117730000,
        "costofnaturalgaspurchases": -673701000,
        "grossprofit": -444029000,
        "othersellinggeneralandadministrativeexpense": -125114000,
        "depreciationandamortization": -42251000,
        "taxesother": -40131000,
        "operatingexpenses": -247824000,
        "operatingincomeloss": -105963000,
        "othernonoperatingincomeexpense": 345000,
        "interestexpense": -31347000,
        "incomelossfromcontinuingoperationsbeforeincometaxesminorityinterestandincomelossfromequitymethodinvestments": -93646000,
        "incometaxexpensebenefit": -34159000
    },
    {
        "date": "2016-06-29",
        "symbol": "ATO",
        "period": "Q3",
        "netincomeloss": 33130000,
        "othercomprehensiveincomelossavailableforsalesecuritiesadjustmentnetoftax": 151000,
        "othercomprehensiveincomelossderivativesqualifyingashedgesnetoftax": -39250000,
        "othercomprehensiveincomelossnetoftaxportionattributabletoparent": -20994000,
        "comprehensiveincomenetoftax": 50199000,
        "othercomprehensiveincomeunrealizedholdinggainlossonsecuritiesarisingduringperiodtax": 110000,
        "othercomprehensiveincomelossderivativesqualifyingashedgestax": -22561000,
        "regulatedandunregulatedoperatingrevenue": -105114000,
        "costofnaturalgaspurchases": -104981000,
        "grossprofit": -133000,
        "othersellinggeneralandadministrativeexpense": -133000,
        "depreciationandamortization": 13409000,
        "taxesother": 6220000,
        "operatingexpenses": -133000,
        "operatingincomeloss": 60537000,
        "othernonoperatingincomeexpense": -493000,
        "interestexpense": -493000,
        "incomelossfromcontinuingoperationsbeforeincometaxesminorityinterestandincomelossfromequitymethodinvestments": 51176000,
        "incometaxexpensebenefit": 18046000,
        "earningspersharebasicanddiluted": 0.69,
        "commonstockdividendspersharecashpaid": 0.42,
        "weightedaveragenumberofshareoutstandingbasicanddiluted": 103750000
    },
    {
        "date": "2016-03-30",
        "symbol": "ATO",
        "period": "Q2",
        "netincomeloss": 25185000,
        "othercomprehensiveincomelossavailableforsalesecuritiesadjustmentnetoftax": -879000,
        "othercomprehensiveincomelossderivativesqualifyingashedgesnetoftax": -53618000,
        "othercomprehensiveincomelossnetoftaxportionattributabletoparent": -54277000,
        "comprehensiveincomenetoftax": 87533000,
        "othercomprehensiveincomeunrealizedholdinggainlossonsecuritiesarisingduringperiodtax": -505000,
        "othercomprehensiveincomelossderivativesqualifyingashedgestax": -30819000,
        "regulatedandunregulatedoperatingrevenue": -100490000,
        "costofnaturalgaspurchases": -100357000,
        "grossprofit": -133000,
        "othersellinggeneralandadministrativeexpense": -133000,
        "depreciationandamortization": 13179000,
        "taxesother": 6738000,
        "operatingexpenses": -133000,
        "operatingincomeloss": 48655000,
        "othernonoperatingincomeexpense": -451000,
        "interestexpense": -451000,
        "incomelossfromcontinuingoperationsbeforeincometaxesminorityinterestandincomelossfromequitymethodinvestments": 39134000,
        "incometaxexpensebenefit": 13949000,
        "earningspersharebasicanddiluted": 1.38,
        "commonstockdividendspersharecashpaid": 0.42,
        "weightedaveragenumberofshareoutstandingbasicanddiluted": 102946000
    },
    {
        "date": "2015-12-30",
        "symbol": "ATO",
        "period": "Q1",
        "netincomeloss": 102861000,
        "othercomprehensiveincomelossavailableforsalesecuritiesadjustmentnetoftax": -768000,
        "othercomprehensiveincomelossderivativesqualifyingashedgesnetoftax": 7136000,
        "othercomprehensiveincomelossnetoftaxportionattributabletoparent": 6368000,
        "comprehensiveincomenetoftax": 109229000,
        "othercomprehensiveincomeunrealizedholdinggainlossonsecuritiesarisingduringperiodtax": -442000,
        "othercomprehensiveincomelossderivativesqualifyingashedgestax": 2749000,
        "regulatedandunregulatedoperatingrevenue": 906221000,
        "costofnaturalgaspurchases": 462458000,
        "grossprofit": 443763000,
        "othersellinggeneralandadministrativeexpense": 124848000,
        "depreciationandamortization": 71239000,
        "taxesother": 51471000,
        "operatingexpenses": 247558000,
        "operatingincomeloss": 196205000,
        "othernonoperatingincomeexpense": -1209000,
        "interestexpense": 30483000,
        "incomelossfromcontinuingoperationsbeforeincometaxesminorityinterestandincomelossfromequitymethodinvestments": 164513000,
        "incometaxexpensebenefit": 61652000,
        "earningspersharebasicanddiluted": 1,
        "commonstockdividendspersharecashpaid": 0.42,
        "weightedaveragenumberofshareoutstandingbasicanddiluted": 102713000
    },
    {
        "date": "2015-06-29",
        "symbol": "ATO",
        "period": "Q3",
        "netincomeloss": 28568000,
        "othercomprehensiveincomelossavailableforsalesecuritiesadjustmentnetoftax": -191000,
        "othercomprehensiveincomelossderivativesqualifyingashedgesinterestrateagreementsnetoftax": 54475000,
        "othercomprehensiveincomelossderivativesqualifyingashedgescommoditycashflowhedgesnetoftax": 11563000,
        "othercomprehensiveincomelossnetoftaxportionattributabletoparent": 65847000,
        "comprehensiveincomenetoftax": 122128000,
        "othercomprehensiveincomelossavailableforsalesecuritiestax": -41000,
        "othercomprehensiveincomelossderivativesqualifyingashedgesinterestrateagreementstax": 31314000,
        "othercomprehensiveincomelossderivativesqualifyingashedgescommoditycashflowhedgestax": 7393000,
        "regulatedandunregulatedoperatingrevenue": -106170000,
        "costofnaturalgaspurchases": -106037000,
        "grossprofit": -133000,
        "othersellinggeneralandadministrativeexpense": -133000,
        "depreciationandamortization": 11816000,
        "taxesother": 6193000,
        "operatingexpenses": -133000,
        "operatingincomeloss": 52427000,
        "othernonoperatingincomeexpense": -545000,
        "interestexpense": -545000,
        "incomelossfromcontinuingoperationsbeforeincometaxesminorityinterestandincomelossfromequitymethodinvestments": 43917000,
        "incometaxexpensebenefit": 15349000,
        "earningspersharebasic": 0.55,
        "earningspersharediluted": 0.55,
        "commonstockdividendspersharecashpaid": 0.39,
        "weightedaveragenumberofsharesoutstandingbasic": 102000000,
        "weightedaveragenumberofdilutedsharesoutstanding": 102000000
    },
    {
        "date": "2015-03-30",
        "symbol": "ATO",
        "period": "Q2",
        "netincomeloss": 27682000,
        "othercomprehensiveincomelossavailableforsalesecuritiesadjustmentnetoftax": 962000,
        "othercomprehensiveincomelossderivativesqualifyingashedgesinterestrateagreementsnetoftax": -32669000,
        "othercomprehensiveincomelossderivativesqualifyingashedgescommoditycashflowhedgesnetoftax": -2182000,
        "othercomprehensiveincomelossnetoftaxportionattributabletoparent": -33889000,
        "comprehensiveincomenetoftax": 103795000,
        "othercomprehensiveincomelossavailableforsalesecuritiestax": 484000,
        "othercomprehensiveincomelossderivativesqualifyingashedgesinterestrateagreementstax": -18778000,
        "othercomprehensiveincomelossderivativesqualifyingashedgescommoditycashflowhedgestax": -1395000,
        "regulatedandunregulatedoperatingrevenue": -120597000,
        "costofnaturalgaspurchases": -120464000,
        "grossprofit": -133000,
        "othersellinggeneralandadministrativeexpense": -133000,
        "depreciationandamortization": 11747000,
        "taxesother": 5238000,
        "operatingexpenses": -133000,
        "operatingincomeloss": 51903000,
        "othernonoperatingincomeexpense": -497000,
        "interestexpense": -497000,
        "incomelossfromcontinuingoperationsbeforeincometaxesminorityinterestandincomelossfromequitymethodinvestments": 43133000,
        "incometaxexpensebenefit": 15451000,
        "earningspersharebasic": 1.35,
        "earningspersharediluted": 1.35,
        "commonstockdividendspersharecashpaid": 0.39,
        "weightedaveragenumberofsharesoutstandingbasic": 101746000,
        "weightedaveragenumberofdilutedsharesoutstanding": 101746000
    },
    {
        "date": "2014-12-30",
        "symbol": "ATO",
        "period": "Q1",
        "netincomeloss": 97595000,
        "othercomprehensiveincomelossavailableforsalesecuritiesadjustmentnetoftax": -1067000,
        "othercomprehensiveincomelossderivativesqualifyingashedgesinterestrateagreementsnetoftax": -51787000,
        "othercomprehensiveincomelossderivativesqualifyingashedgescommoditycashflowhedgesnetoftax": -28952000,
        "othercomprehensiveincomelossnetoftaxportionattributabletoparent": -81806000,
        "comprehensiveincomenetoftax": 15789000,
        "othercomprehensiveincomelossavailableforsalesecuritiestax": -613000,
        "othercomprehensiveincomelossderivativesqualifyingashedgesinterestrateagreementstax": -29768000,
        "othercomprehensiveincomelossderivativesqualifyingashedgescommoditycashflowhedgestax": -18696000,
        "regulatedandunregulatedoperatingrevenue": 1258765000,
        "costofnaturalgaspurchases": 835480000,
        "grossprofit": 423285000,
        "othersellinggeneralandadministrativeexpense": 118582000,
        "depreciationandamortization": 67593000,
        "taxesother": 49385000,
        "operatingexpenses": 235560000,
        "operatingincomeloss": 187725000,
        "othernonoperatingincomeexpense": -1707000,
        "interestexpense": 29764000,
        "incomelossfromcontinuingoperationsbeforeincometaxesminorityinterestandincomelossfromequitymethodinvestments": 156254000,
        "incometaxexpensebenefit": 58659000,
        "earningspersharebasic": 0.96,
        "earningspersharediluted": 0.96,
        "commonstockdividendspersharecashpaid": 0.39,
        "weightedaveragenumberofsharesoutstandingbasic": 101581000,
        "weightedaveragenumberofdilutedsharesoutstanding": 101581000
    },
    {
        "date": "2014-06-29",
        "symbol": "ATO",
        "period": "Q3",
        "netincomeloss": 24938000,
        "othercomprehensiveincomelossavailableforsalesecuritiesadjustmentnetoftax": 377000,
        "othercomprehensiveincomereclassificationadjustmentandunrealizedgainlossonderivativesincludedinnetincomeandarisingduringperiodnetoftax": -23440000,
        "othercomprehensiveincomelosscommoditycashflowhedgesnetoftax": -2471000,
        "othercomprehensiveincomelossnetoftaxportionattributabletoparent": -25534000,
        "comprehensiveincomenetoftax": 20187000,
        "othercomprehensiveincomeunrealizedholdinggainlossonsecuritiesarisingduringperiodtax": 216000,
        "othercomprehensiveincomereclassificationadjustmentandunrealizedgainlossonderivativesincludedinnetincomeandarisingduringperiodtax": -13472000,
        "othercomprehensiveincomeunrealizedgainlossonderivativesarisingduringperiodtax": -1580000,
        "regulatedandunregulatedoperatingrevenue": -127211000,
        "costofnaturalgaspurchases": -4209000,
        "grossprofit": 87189000,
        "othersellinggeneralandadministrativeexpense": -733000,
        "depreciationandamortization": 1132000,
        "taxesother": 5054000,
        "operatingexpenses": 203132000,
        "operatingincomeloss": 54533000,
        "othernonoperatingincomeexpense": 678000,
        "interestexpense": 1057000,
        "incomelossfromcontinuingoperationsbeforeincometaxesminorityinterestandincomelossfromequitymethodinvestments": 3152000,
        "incometaxexpensebenefit": 1256000,
        "incomelossfromcontinuingoperationsincludingportionattributabletononcontrollinginterest": 1896000,
        "incomelossfromcontinuingoperationsperbasicshare": 0.45,
        "earningspersharebasic": 0.45,
        "incomelossfromcontinuingoperationsperdilutedshare": 0.45,
        "earningspersharediluted": 0.45,
        "commonstockdividendspersharecashpaid": 0.37,
        "weightedaveragenumberofsharesoutstandingbasic": 100267000,
        "weightedaveragenumberofdilutedsharesoutstanding": 101150000
    },
    {
        "date": "2014-03-30",
        "symbol": "ATO",
        "period": "Q2",
        "netincomeloss": 24109000,
        "othercomprehensiveincomelossavailableforsalesecuritiesadjustmentnetoftax": -252000,
        "othercomprehensiveincomereclassificationadjustmentandunrealizedgainlossonderivativesincludedinnetincomeandarisingduringperiodnetoftax": -27047000,
        "othercomprehensiveincomelosscommoditycashflowhedgesnetoftax": 1101000,
        "othercomprehensiveincomelossnetoftaxportionattributabletoparent": -26198000,
        "comprehensiveincomenetoftax": 107169000,
        "othercomprehensiveincomeunrealizedholdinggainlossonsecuritiesarisingduringperiodtax": -133000,
        "othercomprehensiveincomereclassificationadjustmentandunrealizedgainlossonderivativesincludedinnetincomeandarisingduringperiodtax": -15546000,
        "othercomprehensiveincomeunrealizedgainlossonderivativesarisingduringperiodtax": 703000,
        "regulatedandunregulatedoperatingrevenue": 757683000,
        "costofnaturalgaspurchases": -7184000,
        "grossprofit": 73615000,
        "othersellinggeneralandadministrativeexpense": -358000,
        "depreciationandamortization": 1131000,
        "taxesother": -1232000,
        "operatingexpenses": 217402000,
        "operatingincomeloss": 167786000,
        "othernonoperatingincomeexpense": 97000,
        "interestexpense": 1057000,
        "incomelossfromcontinuingoperationsbeforeincometaxesminorityinterestandincomelossfromequitymethodinvestments": 358000,
        "incometaxexpensebenefit": 2416000,
        "incomelossfromcontinuingoperationsincludingportionattributabletononcontrollinginterest": 3711000,
        "incomelossfromcontinuingoperationsperbasicshare": 1.4,
        "earningspersharebasic": 1.4,
        "incomelossfromcontinuingoperationsperdilutedshare": 1.38,
        "earningspersharediluted": 1.38,
        "commonstockdividendspersharecashpaid": 0.37,
        "weightedaveragenumberofsharesoutstandingbasic": 95264000,
        "weightedaveragenumberofdilutedsharesoutstanding": 96191000
    },
    {
        "date": "2013-12-30",
        "symbol": "ATO",
        "period": "Q1",
        "netincomeloss": 19446000,
        "othercomprehensiveincomelossavailableforsalesecuritiesadjustmentnetoftax": 2394000,
        "othercomprehensiveincomereclassificationadjustmentandunrealizedgainlossonderivativesincludedinnetincomeandarisingduringperiodnetoftax": 13942000,
        "othercomprehensiveincomelosscommoditycashflowhedgesnetoftax": 7818000,
        "othercomprehensiveincomelossnetoftaxportionattributabletoparent": 24154000,
        "comprehensiveincomenetoftax": 111170000,
        "othercomprehensiveincomeunrealizedholdinggainlossonsecuritiesarisingduringperiodtax": 1435000,
        "othercomprehensiveincomereclassificationadjustmentandunrealizedgainlossonderivativesincludedinnetincomeandarisingduringperiodtax": 8013000,
        "othercomprehensiveincomeunrealizedgainlossonderivativesarisingduringperiodtax": 4999000,
        "regulatedandunregulatedoperatingrevenue": 447721000,
        "costofnaturalgaspurchases": -2609000,
        "grossprofit": 71341000,
        "othersellinggeneralandadministrativeexpense": 89663000,
        "depreciationandamortization": 1132000,
        "taxesother": 4663000,
        "operatingexpenses": 176298000,
        "operatingincomeloss": 122873000,
        "othernonoperatingincomeexpense": -471000,
        "interestexpense": 1058000,
        "incomelossfromcontinuingoperationsbeforeincometaxesminorityinterestandincomelossfromequitymethodinvestments": -3667000,
        "incometaxexpensebenefit": -1403000,
        "incomelossfromcontinuingoperationsincludingportionattributabletononcontrollinginterest": -2264000,
        "incomelossfromcontinuingoperationsperbasicshare": 0.96,
        "earningspersharebasic": 0.96,
        "incomelossfromcontinuingoperationsperdilutedshare": 0.95,
        "earningspersharediluted": 0.95,
        "commonstockdividendspersharecashpaid": 0.37,
        "weightedaveragenumberofsharesoutstandingbasic": 90833000,
        "weightedaveragenumberofdilutedsharesoutstanding": 91746000
    },
    {
        "date": "2013-06-29",
        "symbol": "ATO",
        "period": "Q3",
        "netincomeloss": -5795000,
        "othercomprehensiveincomereclassificationadjustmentandunrealizedgainlossonderivativesincludedinnetincomeandarisingduringperiodnetoftax": 31079000,
        "othercomprehensiveincomelossnetoftaxportionattributabletoparent": 27223000,
        "comprehensiveincomenetoftax": 65991000,
        "othercomprehensiveincomeunrealizedholdinggainlossonsecuritiesarisingduringperiodtax": -202000,
        "othercomprehensiveincomereclassificationadjustmentandunrealizedgainlossonderivativesincludedinnetincomeandarisingduringperiodtax": 17865000,
        "othercomprehensiveincomeunrealizedgainlossonderivativesarisingduringperiodtax": -2243000,
        "regulatedandunregulatedoperatingrevenue": 2219290000,
        "costofnaturalgaspurchases": 77794000,
        "grossprofit": 866951000,
        "othersellinggeneralandadministrativeexpense": 49567000,
        "depreciationandamortization": 144071000,
        "taxesother": 741000,
        "operatingexpenses": 87836000,
        "operatingincomeloss": 20458000,
        "othernonoperatingincomeexpense": 4128000,
        "interestexpense": 24174000,
        "incomelossfromcontinuingoperationsbeforeincometaxesminorityinterestandincomelossfromequitymethodinvestments": -9777000,
        "incometaxexpensebenefit": 18002000,
        "incomelossfromcontinuingoperationsincludingportionattributabletononcontrollinginterest": 137330000,
        "discontinuedoperationincomelossfromdiscontinuedoperationduringphaseoutperiodnetoftax": 0,
        "incomelossfromcontinuingoperationsperbasicshare": 0.37,
        "incomelossfromdiscontinuedoperationsnetoftaxperbasicshare": 0.060000000000000005,
        "earningspersharebasic": 0.43000000000000005,
        "incomelossfromcontinuingoperationsperdilutedshare": 0.3500000000000002,
        "incomelossfromdiscontinuedoperationsnetoftaxperdilutedshare": 0.07,
        "earningspersharediluted": 0.4199999999999998,
        "commonstockdividendspersharecashpaid": 0.3500000000000001,
        "weightedaveragenumberofsharesoutstandingbasic": -90392000,
        "weightedaveragenumberofdilutedsharesoutstanding": -91356000,
        "discontinuedoperationtaxeffectofincomelossfromdiscontinuedoperationduringphaseoutperiod": 0
    },
    {
        "date": "2013-03-30",
        "symbol": "ATO",
        "period": "Q2",
        "regulatedandunregulatedoperatingrevenue": -86976000,
        "costofnaturalgaspurchases": 5201000,
        "grossprofit": -410000,
        "othersellinggeneralandadministrativeexpense": -411000,
        "depreciationandamortization": 859000,
        "taxesother": 438000,
        "operatingexpenses": -411000,
        "operatingincomeloss": 1000,
        "othernonoperatingincomeexpense": -689000,
        "interestexpense": -688000,
        "incomelossfromcontinuingoperationsbeforeincometaxesminorityinterestandincomelossfromequitymethodinvestments": 15658000,
        "incometaxexpensebenefit": 6038000,
        "incomelossfromcontinuingoperationsincludingportionattributabletononcontrollinginterest": 9620000,
        "discontinuedoperationincomelossfromdiscontinuedoperationduringphaseoutperiodnetoftax": 4085000,
        "netincomeloss": 9620000,
        "incomelossfromcontinuingoperationsperbasicshare": 1.24,
        "incomelossfromdiscontinuedoperationsnetoftaxperbasicshare": 0.04,
        "earningspersharebasic": 1.28,
        "incomelossfromcontinuingoperationsperdilutedshare": 1.23,
        "incomelossfromdiscontinuedoperationsnetoftaxperdilutedshare": 0.04,
        "earningspersharediluted": 1.27,
        "commonstockdividendspersharecashpaid": 0.35,
        "weightedaveragenumberofsharesoutstandingbasic": 90530000,
        "weightedaveragenumberofdilutedsharesoutstanding": 91492000,
        "discontinuedoperationtaxeffectofincomelossfromdiscontinuedoperationduringphaseoutperiod": 2258000,
        "othercomprehensiveincomelossavailableforsalesecuritiesadjustmentnetoftax": -200000,
        "othercomprehensiveincomereclassificationadjustmentandunrealizedgainlossonderivativesincludedinnetincomeandarisingduringperiodnetoftax": 23509000,
        "othercomprehensiveincomelosscommoditycashflowhedgesnetoftax": 8838000,
        "othercomprehensiveincomelossnetoftaxportionattributabletoparent": 32147000,
        "comprehensiveincomenetoftax": 148572000,
        "othercomprehensiveincomeunrealizedholdinggainlossonsecuritiesarisingduringperiodtax": -110000,
        "othercomprehensiveincomereclassificationadjustmentandunrealizedgainlossonderivativesincludedinnetincomeandarisingduringperiodtax": 13513000,
        "othercomprehensiveincomeunrealizedgainlossonderivativesarisingduringperiodtax": 5650000
    },
    {
        "date": "2012-12-30",
        "symbol": "ATO",
        "period": "Q1",
        "regulatedandunregulatedoperatingrevenue": -93207000,
        "costofnaturalgaspurchases": -92798000,
        "grossprofit": -409000,
        "othersellinggeneralandadministrativeexpense": -411000,
        "depreciationandamortization": 1129000,
        "taxesother": 634000,
        "operatingexpenses": -411000,
        "operatingincomeloss": 2000,
        "othernonoperatingincomeexpense": -711000,
        "interestexpense": -709000,
        "incomelossfromcontinuingoperationsbeforeincometaxesminorityinterestandincomelossfromequitymethodinvestments": 14684000,
        "incometaxexpensebenefit": 6534000,
        "incomelossfromcontinuingoperationsincludingportionattributabletononcontrollinginterest": 8150000,
        "discontinuedoperationincomelossfromdiscontinuedoperationduringphaseoutperiodnetoftax": 3117000,
        "netincomeloss": 8150000,
        "incomelossfromcontinuingoperationsperbasicshare": 0.85,
        "incomelossfromdiscontinuedoperationsnetoftaxperbasicshare": 0.04,
        "earningspersharebasic": 0.89,
        "incomelossfromcontinuingoperationsperdilutedshare": 0.85,
        "incomelossfromdiscontinuedoperationsnetoftaxperdilutedshare": 0.03,
        "earningspersharediluted": 0.88,
        "commonstockdividendspersharecashpaid": 0.35,
        "weightedaveragenumberofsharesoutstandingbasic": 90359000,
        "weightedaveragenumberofdilutedsharesoutstanding": 91309000,
        "discontinuedoperationtaxeffectofincomelossfromdiscontinuedoperationduringphaseoutperiod": 1728000,
        "othercomprehensiveincomeunrealizedholdinggainlossonsecuritiesarisingduringperiodnetoftax": -373000,
        "othercomprehensiveincomereclassificationadjustmentandunrealizedgainlossonderivativesincludedinnetincomeandarisingduringperiodnetoftax": 12264000,
        "othercomprehensiveincomeunrealizedgainlossonderivativesarisingduringperiodnetoftax": -365000,
        "othercomprehensiveincomelossnetoftaxportionattributabletoparent": 11526000,
        "comprehensiveincomenetoftax": 91991000,
        "othercomprehensiveincomeunrealizedholdinggainlossonsecuritiesarisingduringperiodtax": -220000,
        "othercomprehensiveincomereclassificationadjustmentandunrealizedgainlossonderivativesincludedinnetincomeandarisingduringperiodtax": 7049000,
        "othercomprehensiveincomeunrealizedgainlossonderivativesarisingduringperiodtax": -233000
    },
    {
        "date": "2012-06-29",
        "symbol": "ATO",
        "period": "Q3",
        "regulatedandunregulatedoperatingrevenue": -62543000,
        "costofnaturalgaspurchases": -62161000,
        "grossprofit": -382000,
        "othersellinggeneralandadministrativeexpense": -383000,
        "depreciationandamortization": 1002000,
        "taxesother": 774000,
        "operatingexpenses": -383000,
        "operatingincomeloss": 1000,
        "othernonoperatingincomeexpense": -860000,
        "interestexpense": -859000,
        "incomelossfromcontinuingoperationsbeforeincometaxesminorityinterestandincomelossfromequitymethodinvestments": 21409000,
        "incometaxexpensebenefit": 8632000,
        "incomelossfromcontinuingoperationsincludingportionattributabletononcontrollinginterest": 12777000,
        "discontinuedoperationincomelossfromdiscontinuedoperationduringphaseoutperiodnetoftax": 988000,
        "netincomeloss": 12777000,
        "incomelossfromcontinuingoperationsperbasicshare": 0.33,
        "incomelossfromdiscontinuedoperationsnetoftaxperbasicshare": 0.01,
        "earningspersharebasic": 0.34,
        "incomelossfromcontinuingoperationsperdilutedshare": 0.33,
        "incomelossfromdiscontinuedoperationsnetoftaxperdilutedshare": 0.01,
        "earningspersharediluted": 0.34,
        "commonstockdividendspersharecashpaid": 0.345,
        "weightedaveragenumberofsharesoutstandingbasic": 90118000,
        "weightedaveragenumberofdilutedsharesoutstanding": 90993000,
        "discontinuedoperationtaxeffectofincomelossfromdiscontinuedoperationduringphaseoutperiod": 566000
    },
    {
        "date": "2012-03-30",
        "symbol": "ATO",
        "period": "Q2",
        "regulatedandunregulatedoperatingrevenue": -74358000,
        "purchasedgascost": -74009000,
        "grossprofit": -349000,
        "othersellinggeneralandadministrativeexpense": -351000,
        "depreciationandamortization": 725000,
        "taxesother": 691000,
        "operatingexpenses": -351000,
        "operatingincomeloss": 2000,
        "othernonoperatingincomeexpense": -628000,
        "interestexpense": -626000,
        "incomelossfromcontinuingoperationsbeforeincometaxesminorityinterestandincomelossfromequitymethodinvestments": -11686000,
        "incometaxexpensebenefit": -4675000,
        "incomelossfromcontinuingoperationsincludingportionattributabletononcontrollinginterest": -7011000,
        "discontinuedoperationincomelossfromdiscontinuedoperationduringphaseoutperiodnetoftax": 3201000,
        "netincomeloss": -7011000,
        "incomelossfromcontinuingoperationsperbasicshare": 1.16,
        "incomelossfromdiscontinuedoperationsnetoftaxperbasicshare": 0.04,
        "earningspersharebasic": 1.2,
        "incomelossfromcontinuingoperationsperdilutedshare": 1.16,
        "incomelossfromdiscontinuedoperationsnetoftaxperdilutedshare": 0.04,
        "earningspersharediluted": 1.2,
        "commonstockdividendspersharecashpaid": 0.345,
        "weightedaveragenumberofsharesoutstandingbasic": 90020000,
        "weightedaveragenumberofdilutedsharesoutstanding": 90322000,
        "discontinuedoperationtaxeffectofincomelossfromdiscontinuedoperationduringphaseoutperiod": 1834000
    },
    {
        "date": "2011-12-30",
        "symbol": "ATO",
        "period": "Q1",
        "regulatedandunregulatedoperatingrevenue": 1101173000,
        "purchasedgascost": 738291000,
        "grossprofit": -367000,
        "othersellinggeneralandadministrativeexpense": -368000,
        "depreciationandamortization": 733000,
        "taxesother": 935000,
        "operatingexpenses": -368000,
        "operatingincomeloss": 1000,
        "othernonoperatingincomeexpense": 125000,
        "interestexpense": 126000,
        "incomelossfromcontinuingoperationsbeforeincometaxesminorityinterestandincomelossfromequitymethodinvestments": 7470000,
        "incometaxexpensebenefit": 3001000,
        "incomelossfromcontinuingoperationsincludingportionattributabletononcontrollinginterest": 4469000,
        "discontinuedoperationincomelossfromdiscontinuedoperationduringphaseoutperiodnetoftax": 2719000,
        "netincomeloss": 4469000,
        "incomelossfromcontinuingoperationsperbasicshare": 0.72,
        "incomelossfromdiscontinuedoperationsnetoftaxperbasicshare": 0.03,
        "earningspersharebasic": 0.75,
        "incomelossfromcontinuingoperationsperdilutedshare": 0.72,
        "incomelossfromdiscontinuedoperationsnetoftaxperdilutedshare": 0.03,
        "earningspersharediluted": 0.75,
        "commonstockdividendspersharecashpaid": 0.345,
        "weightedaveragenumberofsharesoutstandingbasic": 90254000,
        "weightedaveragenumberofdilutedsharesoutstanding": 90546000,
        "discontinuedoperationtaxeffectofincomelossfromdiscontinuedoperationduringphaseoutperiod": 1559000
    },
    {
        "date": "2011-06-29",
        "symbol": "ATO",
        "period": "Q3",
        "regulatedandunregulatedoperatingrevenue": -108271000,
        "purchasedgascost": -107909000,
        "grossprofit": -362000,
        "othersellinggeneralandadministrativeexpense": -362000,
        "depreciationandamortization": 1043000,
        "taxesother": 879000,
        "assetimpairmentcharges": 10988000,
        "operatingexpenses": -362000,
        "operatingincomeloss": -6942000,
        "othernonoperatingincomeexpense": -133000,
        "interestexpense": -133000,
        "incomelossfromcontinuingoperationsbeforeincometaxesminorityinterestandincomelossfromequitymethodinvestments": -7057000,
        "incometaxexpensebenefit": -3160000,
        "incomelossfromcontinuingoperationsincludingportionattributabletononcontrollinginterest": -3897000,
        "discontinuedoperationincomelossfromdiscontinuedoperationduringphaseoutperiodnetoftax": 908000,
        "netincomeloss": -3897000,
        "incomelossfromcontinuingoperationsperbasicshare": -0.02,
        "incomelossfromdiscontinuedoperationsnetoftaxperbasicshare": 0.01,
        "earningspersharebasic": -0.01,
        "incomelossfromcontinuingoperationsperdilutedshare": -0.02,
        "incomelossfromdiscontinuedoperationsnetoftaxperdilutedshare": 0.01,
        "earningspersharediluted": -0.01,
        "commonstockdividendspersharecashpaid": 0.34,
        "weightedaveragenumberofsharesoutstandingbasic": 90127000,
        "weightedaveragenumberofdilutedsharesoutstanding": 90127000,
        "discontinuedoperationtaxeffectofincomelossfromdiscontinuedoperationduringphaseoutperiod": 590000
    },
    {
        "date": "2011-03-30",
        "symbol": "ATO",
        "period": "Q2",
        "operatingrevenuesnaturalgasdistributionsegment": 1113204000,
        "operatingrevenuesregulatedtransmissionandstoragesegment": 54976000,
        "operatingrevenuesnonregulatedsegment": 583531000,
        "operatingrevenuesintersegmenteliminations": -134424000,
        "totaloperatingrevenue": 1617287000,
        "purchasedgascostnaturalgasdistributionsegment": 723046000,
        "purchasedgascostnonregulatedsegment": 563473000,
        "purchasedgascostintersegmenteliminations": -134054000,
        "costofrevenue": 1152465000,
        "grossprofit": 464822000,
        "othersellinggeneralandadministrativeexpense": 116379000,
        "depreciationandamortization": 57136000,
        "taxesother": 54103000,
        "assetimpairmentcharges": 19282000,
        "operatingexpenses": 246900000,
        "operatingincomeloss": 217922000,
        "othernonoperatingincomeexpense": 26187000,
        "interestexpense": 37892000,
        "incomelossfromcontinuingoperationsbeforeincometaxesminorityinterestandincomelossfromequitymethodinvestments": 206217000,
        "incometaxexpensebenefit": 74008000,
        "netincomeloss": 132209000,
        "earningspersharebasic": 1.45,
        "earningspersharediluted": 1.45,
        "commonstockdividendspersharecashpaid": 0.34,
        "weightedaveragenumberofsharesoutstandingbasic": 90246000,
        "weightedaveragenumberofdilutedsharesoutstanding": 90533000
    },
    {
        "date": "2010-12-30",
        "symbol": "ATO",
        "period": "Q1",
        "operatingrevenuesnaturalgasdistributionsegment": 727195,
        "operatingrevenuesregulatedtransmissionandstoragesegment": 49007,
        "operatingrevenuesnonregulatedsegment": 475640,
        "operatingrevenuesintersegmenteliminations": -94847,
        "totaloperatingrevenue": 1156995,
        "purchasedgascostnaturalgasdistributionsegment": 427423,
        "purchasedgascostnonregulatedsegment": 450462,
        "purchasedgascostintersegmenteliminations": -94450,
        "costofrevenue": 783435,
        "grossprofit": 373560,
        "othersellinggeneralandadministrativeexpense": 116594,
        "depreciationandamortization": 56161,
        "taxesother": 40696,
        "operatingexpenses": 213451,
        "operatingincomeloss": 160109,
        "othernonoperatingincomeexpense": -737,
        "interestexpense": 38917,
        "incomelossfromcontinuingoperationsbeforeincometaxesminorityinterestandincomelossfromequitymethodinvestments": 120455,
        "incometaxexpensebenefit": 46458,
        "netincomeloss": 73997,
        "earningspersharebasic": 0.81,
        "earningspersharediluted": 0.81,
        "commonstockdividendspersharecashpaid": 0.34,
        "weightedaveragenumberofsharesoutstandingbasic": 90082,
        "weightedaveragenumberofdilutedsharesoutstanding": 90408
    },
    {
        "date": "2010-06-29",
        "symbol": "ATO",
        "period": "Q3",
        "operatingrevenuesnaturalgasdistributionsegment": 405271000,
        "operatingrevenuesregulatedtransmissionandstoragesegment": 44957000,
        "operatingrevenuesnaturalgasmarketingsegment": 421406000,
        "operatingrevenuespipelinestorageandothersegment": 8196000,
        "operatingrevenuesintersegmenteliminations": -109573000,
        "totaloperatingrevenue": 770257000,
        "purchasedgascostnaturalgasdistributionsegment": 208378000,
        "purchasedgascostnaturalgasmarketingsegment": 415101000,
        "purchasedgascostpipelinestorageandothersegment": 2730000,
        "purchasedgascostintersegmenteliminations": -109180000,
        "costofrevenue": 517029000,
        "grossprofit": 253228000,
        "othersellinggeneralandadministrativeexpense": 113348000,
        "depreciationandamortization": 53288000,
        "taxesother": 52483000,
        "operatingexpenses": 219119000,
        "operatingincomeloss": 34109000,
        "othernonoperatingincomeexpense": -850000,
        "interestexpense": 37290000,
        "incomelossfromcontinuingoperationsbeforeincometaxesminorityinterestandincomelossfromequitymethodinvestments": -4031000,
        "incometaxexpensebenefit": -877000,
        "netincomeloss": -3154000,
        "earningspersharebasic": -0.03,
        "earningspersharediluted": -0.03,
        "commonstockdividendspersharecashpaid": 0.335,
        "weightedaveragenumberofsharesoutstandingbasic": 92648000,
        "weightedaveragenumberofdilutedsharesoutstanding": 92648000
    }
]