[
    {
        "date": "2024-09-29",
        "symbol": "MSFT",
        "period": "Q1",
        "revenuefromcontractwithcustomerexcludingassessedtax": 38900000000,
        "costofgoodsandservicessold": 20099000000,
        "grossprofit": 45486000000,
        "researchanddevelopmentexpense": 7544000000,
        "sellingandmarketingexpense": 5717000000,
        "generalandadministrativeexpense": 1673000000,
        "operatingincomeloss": 30552000000,
        "nonoperatingincomeexpense": -283000000,
        "incomelossfromcontinuingoperationsbeforeincometaxesextraordinaryitemsnoncontrollinginterest": 30269000000,
        "incometaxexpensebenefit": 5602000000,
        "netincomeloss": 24667000000,
        "earningspersharebasic": 3.32,
        "earningspersharediluted": 3.3,
        "weightedaveragenumberofsharesoutstandingbasic": 7433000000,
        "weightedaveragenumberofdilutedsharesoutstanding": 7470000000,
        "othercomprehensiveincomelosscashflowhedgegainlossafterreclassificationandtax": -10000000,
        "othercomprehensiveincomelossavailableforsalesecuritiesadjustmentnetoftax": 1114000000,
        "othercomprehensiveincomelossforeigncurrencytransactionandtranslationadjustmentnetoftax": 304000000,
        "othercomprehensiveincomelossnetoftaxportionattributabletoparent": 304000000,
        "comprehensiveincomenetoftax": 26075000000
    },
    {
        "date": "2024-06-29",
        "symbol": "MSFT",
        "period": "Q4",
        "revenuefromcontractwithcustomerexcludingassessedtax": 67824000000,
        "costofgoodsandservicessold": 46114000000,
        "grossprofit": 45043000000,
        "researchanddevelopmentexpense": 8056000000,
        "sellingandmarketingexpense": 6816000000,
        "generalandadministrativeexpense": 2246000000,
        "operatingincomeloss": 27925000000,
        "nonoperatingincomeexpense": -675000000,
        "incomelossfromcontinuingoperationsbeforeincometaxesextraordinaryitemsnoncontrollinginterest": 27250000000,
        "incometaxexpensebenefit": 5214000000,
        "netincomeloss": 22036000000,
        "earningspersharebasic": 2.9700000000000006,
        "earningspersharediluted": 2.9400000000000013,
        "weightedaveragenumberofsharesoutstandingbasic": 7431000000,
        "weightedaveragenumberofdilutedsharesoutstanding": 7469000000,
        "othercomprehensiveincomelosscashflowhedgegainlossafterreclassificationandtax": -4000000,
        "othercomprehensiveincomelossavailableforsalesecuritiesadjustmentnetoftax": 88000000,
        "othercomprehensiveincomelossforeigncurrencytransactionandtranslationadjustmentnetoftax": -239000000,
        "othercomprehensiveincomelossnetoftaxportionattributabletoparent": -1328000000,
        "comprehensiveincomenetoftax": 21881000000
    },
    {
        "date": "2024-03-30",
        "symbol": "MSFT",
        "period": "Q3",
        "revenuefromcontractwithcustomerexcludingassessedtax": 35100000000,
        "costofgoodsandservicessold": 18505000000,
        "grossprofit": 43353000000,
        "researchanddevelopmentexpense": 7653000000,
        "sellingandmarketingexpense": 6207000000,
        "generalandadministrativeexpense": 1912000000,
        "operatingincomeloss": 27581000000,
        "nonoperatingincomeexpense": -854000000,
        "incomelossfromcontinuingoperationsbeforeincometaxesextraordinaryitemsnoncontrollinginterest": 26727000000,
        "incometaxexpensebenefit": 4788000000,
        "netincomeloss": 21939000000,
        "earningspersharebasic": 2.95,
        "earningspersharediluted": 2.94,
        "weightedaveragenumberofsharesoutstandingbasic": 7431000000,
        "weightedaveragenumberofdilutedsharesoutstanding": 7472000000,
        "othercomprehensiveincomelosscashflowhedgegainlossafterreclassificationandtax": 10000000,
        "othercomprehensiveincomelossavailableforsalesecuritiesadjustmentnetoftax": -202000000,
        "othercomprehensiveincomelossforeigncurrencytransactionandtranslationadjustmentnetoftax": -294000000,
        "othercomprehensiveincomelossnetoftaxportionattributabletoparent": -294000000,
        "comprehensiveincomenetoftax": 21453000000
    },
    {
        "date": "2023-12-30",
        "symbol": "MSFT",
        "period": "Q2",
        "revenuefromcontractwithcustomerexcludingassessedtax": 18941000000,
        "costofgoodsandservicessold": 5964000000,
        "grossprofit": 42397000000,
        "researchanddevelopmentexpense": 7142000000,
        "sellingandmarketingexpense": 6246000000,
        "generalandadministrativeexpense": 1977000000,
        "operatingincomeloss": 27032000000,
        "nonoperatingincomeexpense": -506000000,
        "incomelossfromcontinuingoperationsbeforeincometaxesextraordinaryitemsnoncontrollinginterest": 26526000000,
        "incometaxexpensebenefit": 4656000000,
        "netincomeloss": 21870000000,
        "earningspersharebasic": 2.94,
        "earningspersharediluted": 2.93,
        "weightedaveragenumberofsharesoutstandingbasic": 7432000000,
        "weightedaveragenumberofdilutedsharesoutstanding": 7468000000,
        "othercomprehensiveincomelosscashflowhedgegainlossafterreclassificationandtax": -3000000,
        "othercomprehensiveincomelossavailableforsalesecuritiesadjustmentnetoftax": 1331000000,
        "othercomprehensiveincomelossforeigncurrencytransactionandtranslationadjustmentnetoftax": 660000000,
        "othercomprehensiveincomelossnetoftaxportionattributabletoparent": 1988000000,
        "comprehensiveincomenetoftax": 23858000000
    },
    {
        "date": "2023-09-29",
        "symbol": "MSFT",
        "period": "Q1",
        "revenuefromcontractwithcustomerexcludingassessedtax": 15535000000,
        "costofgoodsandservicessold": 3531000000,
        "grossprofit": 40215000000,
        "researchanddevelopmentexpense": 6659000000,
        "sellingandmarketingexpense": 5187000000,
        "generalandadministrativeexpense": 1474000000,
        "operatingincomeloss": 26895000000,
        "nonoperatingincomeexpense": 389000000,
        "incomelossfromcontinuingoperationsbeforeincometaxesextraordinaryitemsnoncontrollinginterest": 27284000000,
        "incometaxexpensebenefit": 4993000000,
        "netincomeloss": 22291000000,
        "earningspersharebasic": 3,
        "earningspersharediluted": 2.99,
        "weightedaveragenumberofsharesoutstandingbasic": 7429000000,
        "weightedaveragenumberofdilutedsharesoutstanding": 7462000000,
        "othercomprehensiveincomelosscashflowhedgegainlossafterreclassificationandtax": 21000000,
        "othercomprehensiveincomelossavailableforsalesecuritiesadjustmentnetoftax": -260000000,
        "othercomprehensiveincomelossforeigncurrencytransactionandtranslationadjustmentnetoftax": -355000000,
        "othercomprehensiveincomelossnetoftaxportionattributabletoparent": -594000000,
        "comprehensiveincomenetoftax": 21697000000
    },
    {
        "date": "2023-06-29",
        "symbol": "MSFT",
        "period": "Q4",
        "revenuefromcontractwithcustomerexcludingassessedtax": 30300000000,
        "costofgoodsandservicessold": 16795000000,
        "grossprofit": 39394000000,
        "researchanddevelopmentexpense": 6739000000,
        "sellingandmarketingexpense": 6204000000,
        "generalandadministrativeexpense": 2197000000,
        "operatingincomeloss": 24254000000,
        "nonoperatingincomeexpense": 473000000,
        "incomelossfromcontinuingoperationsbeforeincometaxesextraordinaryitemsnoncontrollinginterest": 24727000000,
        "incometaxexpensebenefit": 4646000000,
        "netincomeloss": 20081000000,
        "earningspersharebasic": 2.7100000000000004,
        "earningspersharediluted": 2.6799999999999993,
        "weightedaveragenumberofsharesoutstandingbasic": 7446000000,
        "weightedaveragenumberofdilutedsharesoutstanding": 7472000000,
        "othercomprehensiveincomelosscashflowhedgegainlossafterreclassificationandtax": 20000000,
        "othercomprehensiveincomelossavailableforsalesecuritiesadjustmentnetoftax": -648000000,
        "othercomprehensiveincomelossforeigncurrencytransactionandtranslationadjustmentnetoftax": -71000000,
        "othercomprehensiveincomelossnetoftaxportionattributabletoparent": -71000000,
        "comprehensiveincomenetoftax": 19382000000
    },
    {
        "date": "2023-03-30",
        "symbol": "MSFT",
        "period": "Q3",
        "revenuefromcontractwithcustomerexcludingassessedtax": 28500000000,
        "costofgoodsandservicessold": 16128000000,
        "grossprofit": 36729000000,
        "researchanddevelopmentexpense": 6984000000,
        "sellingandmarketingexpense": 5750000000,
        "generalandadministrativeexpense": 1643000000,
        "operatingincomeloss": 22352000000,
        "nonoperatingincomeexpense": 321000000,
        "incomelossfromcontinuingoperationsbeforeincometaxesextraordinaryitemsnoncontrollinginterest": 22673000000,
        "incometaxexpensebenefit": 4374000000,
        "netincomeloss": 18299000000,
        "earningspersharebasic": 2.46,
        "earningspersharediluted": 2.45,
        "weightedaveragenumberofsharesoutstandingbasic": 7441000000,
        "weightedaveragenumberofdilutedsharesoutstanding": 7464000000,
        "othercomprehensiveincomelosscashflowhedgegainlossafterreclassificationandtax": -9000000,
        "othercomprehensiveincomelossavailableforsalesecuritiesadjustmentnetoftax": 753000000,
        "othercomprehensiveincomelossforeigncurrencytransactionandtranslationadjustmentnetoftax": 69000000,
        "othercomprehensiveincomelossnetoftaxportionattributabletoparent": 69000000,
        "comprehensiveincomenetoftax": 19112000000
    },
    {
        "date": "2022-12-30",
        "symbol": "MSFT",
        "period": "Q2",
        "revenuefromcontractwithcustomerexcludingassessedtax": 27100000000,
        "costofgoodsandservicessold": 17488000000,
        "grossprofit": 35259000000,
        "researchanddevelopmentexpense": 6844000000,
        "sellingandmarketingexpense": 5679000000,
        "generalandadministrativeexpense": 2337000000,
        "operatingincomeloss": 20399000000,
        "nonoperatingincomeexpense": -60000000,
        "incomelossfromcontinuingoperationsbeforeincometaxesextraordinaryitemsnoncontrollinginterest": 20339000000,
        "incometaxexpensebenefit": 3914000000,
        "netincomeloss": 16425000000,
        "earningspersharebasic": 2.2,
        "earningspersharediluted": 2.2,
        "weightedaveragenumberofsharesoutstandingbasic": 7451000000,
        "weightedaveragenumberofdilutedsharesoutstanding": 7473000000,
        "othercomprehensiveincomelosscashflowhedgegainlossafterreclassificationandtax": -32000000,
        "othercomprehensiveincomelossavailableforsalesecuritiesadjustmentnetoftax": 348000000,
        "othercomprehensiveincomelossforeigncurrencytransactionandtranslationadjustmentnetoftax": 570000000,
        "othercomprehensiveincomelossnetoftaxportionattributabletoparent": 570000000,
        "comprehensiveincomenetoftax": 17311000000
    },
    {
        "date": "2022-09-29",
        "symbol": "MSFT",
        "period": "Q1",
        "revenuefromcontractwithcustomerexcludingassessedtax": 25700000000,
        "costofgoodsandservicessold": 15452000000,
        "grossprofit": 34670000000,
        "researchanddevelopmentexpense": 6628000000,
        "sellingandmarketingexpense": 5126000000,
        "generalandadministrativeexpense": 1398000000,
        "operatingincomeloss": 21518000000,
        "nonoperatingincomeexpense": 54000000,
        "incomelossfromcontinuingoperationsbeforeincometaxesextraordinaryitemsnoncontrollinginterest": 21572000000,
        "incometaxexpensebenefit": 4016000000,
        "netincomeloss": 17556000000,
        "earningspersharebasic": 2.35,
        "earningspersharediluted": 2.35,
        "weightedaveragenumberofsharesoutstandingbasic": 7457000000,
        "weightedaveragenumberofdilutedsharesoutstanding": 7485000000,
        "othercomprehensiveincomelosscashflowhedgegainlossafterreclassificationandtax": 7000000,
        "othercomprehensiveincomelossavailableforsalesecuritiesadjustmentnetoftax": -1897000000,
        "othercomprehensiveincomelossforeigncurrencytransactionandtranslationadjustmentnetoftax": -775000000,
        "othercomprehensiveincomelossnetoftaxportionattributabletoparent": -775000000,
        "comprehensiveincomenetoftax": 14891000000
    },
    {
        "date": "2021-03-30",
        "symbol": "MSFT",
        "period": "Q3",
        "revenuefromcontractwithcustomerexcludingassessedtax": 16873000000,
        "costofgoodsandservicessold": 4277000000,
        "grossprofit": 28661000000,
        "researchanddevelopmentexpense": 5204000000,
        "sellingandmarketingexpense": 5082000000,
        "generalandadministrativeexpense": 1327000000,
        "operatingincomeloss": 17048000000,
        "nonoperatingincomeexpense": 188000000,
        "incomelossfromcontinuingoperationsbeforeincometaxesminorityinterestandincomelossfromequitymethodinvestments": 17236000000,
        "incometaxexpensebenefit": 1779000000,
        "netincomeloss": 15457000000,
        "earningspersharebasic": 2.05,
        "earningspersharediluted": 2.03,
        "weightedaveragenumberofsharesoutstandingbasic": 7539000000,
        "weightedaveragenumberofdilutedsharesoutstanding": 7597000000,
        "othercomprehensiveincomelosscashflowhedgegainlossafterreclassificationandtax": 18000000,
        "othercomprehensiveincomelossavailableforsalesecuritiesadjustmentnetoftax": -1705000000,
        "othercomprehensiveincomelossforeigncurrencytransactionandtranslationadjustmentnetoftax": -218000000,
        "othercomprehensiveincomelossnetoftaxportionattributabletoparent": -1905000000,
        "comprehensiveincomenetoftax": 13552000000
    },
    {
        "date": "2018-12-30",
        "symbol": "MSFT",
        "period": "Q2",
        "revenuefromcontractwithcustomerexcludingassessedtax": 9000000000,
        "costofgoodsandservicessold": 12423000000,
        "grossprofit": 20048000000,
        "researchanddevelopmentexpense": 4070000000,
        "sellingandmarketingexpense": 4588000000,
        "generalandadministrativeexpense": 1132000000,
        "operatingincomeloss": 2964000000,
        "nonoperatingincomeexpense": 127000000,
        "incomelossfromcontinuingoperationsbeforeincometaxesminorityinterestandincomelossfromequitymethodinvestments": 10385000000,
        "incometaxexpensebenefit": 157000000,
        "netincomeloss": 8420000000,
        "earningspersharebasic": 1.09,
        "earningspersharediluted": 1.08,
        "weightedaveragenumberofsharesoutstandingbasic": 7692000000,
        "weightedaveragenumberofdilutedsharesoutstanding": 7768000000,
        "othercomprehensiveincomelossderivativesqualifyingashedgesnetoftax": -15000000,
        "othercomprehensiveincomelossavailableforsalesecuritiesadjustmentnetoftax": 881000000,
        "othercomprehensiveincomelossforeigncurrencytransactionandtranslationadjustmentnetoftax": -264000000,
        "othercomprehensiveincomelossnetoftaxportionattributabletoparent": -264000000,
        "comprehensiveincomenetoftax": 9022000000
    },
    {
        "date": "2018-09-29",
        "symbol": "MSFT",
        "period": "Q1",
        "revenuefromcontractwithcustomerexcludingassessedtax": 8500000000,
        "costofgoodsandservicessold": 9905000000,
        "grossprofit": 19179000000,
        "researchanddevelopmentexpense": 3977000000,
        "sellingandmarketingexpense": 4098000000,
        "generalandadministrativeexpense": 1149000000,
        "operatingincomeloss": 3143000000,
        "nonoperatingincomeexpense": 266000000,
        "incomelossfromcontinuingoperationsbeforeincometaxesminorityinterestandincomelossfromequitymethodinvestments": 10221000000,
        "incometaxexpensebenefit": 1397000000,
        "netincomeloss": 8824000000,
        "earningspersharebasic": 1.15,
        "earningspersharediluted": 1.14,
        "weightedaveragenumberofsharesoutstandingbasic": 7673000000,
        "weightedaveragenumberofdilutedsharesoutstanding": 7766000000,
        "commonstockdividendspersharedeclared": 0.46,
        "othercomprehensiveincomelossderivativesqualifyingashedgesnetoftax": -45000000,
        "othercomprehensiveincomelossavailableforsalesecuritiesadjustmentnetoftax": -261000000,
        "othercomprehensiveincomelossforeigncurrencytransactionandtranslationadjustmentnetoftax": -55000000,
        "othercomprehensiveincomelossnetoftaxportionattributabletoparent": -55000000,
        "comprehensiveincomenetoftax": 8463000000
    },
    {
        "date": "2018-03-30",
        "symbol": "MSFT",
        "period": "Q3",
        "salesrevenuegoodsnet": 15114000000,
        "salesrevenueservicesandothernet": 11705000000,
        "salesrevenuenet": 6000000000,
        "costofgoodssold": 3425000000,
        "costofservicesandother": 5844000000,
        "costofrevenue": 9269000000,
        "grossprofit": 17550000000,
        "researchanddevelopmentexpense": 3715000000,
        "sellingandmarketingexpense": 4335000000,
        "generalandadministrativeexpense": 1208000000,
        "operatingincomeloss": 2523000000,
        "nonoperatingincomeexpense": 349000000,
        "incomelossfromcontinuingoperationsbeforeincometaxesminorityinterestandincomelossfromequitymethodinvestments": 8641000000,
        "incometaxexpensebenefit": 1217000000,
        "netincomeloss": 7424000000,
        "earningspersharebasic": 0.96,
        "earningspersharediluted": 0.95,
        "weightedaveragenumberofsharesoutstandingbasic": 7698000000,
        "weightedaveragenumberofdilutedsharesoutstanding": 7794000000,
        "commonstockdividendspersharedeclared": 0.42,
        "othercomprehensiveincomelossderivativesqualifyingashedgesnetoftax": 7000000,
        "othercomprehensiveincomelossavailableforsalesecuritiesadjustmentnetoftax": -1016000000,
        "othercomprehensiveincomelossforeigncurrencytransactionandtranslationadjustmentnetoftax": 255000000,
        "othercomprehensiveincomelossnetoftaxportionattributabletoparent": 255000000,
        "comprehensiveincomenetoftax": 6670000000
    },
    {
        "date": "2017-12-30",
        "symbol": "MSFT",
        "period": "Q2",
        "salesrevenuegoodsnet": 17926000000,
        "salesrevenueservicesandothernet": 10992000000,
        "salesrevenuenet": 5300000000,
        "costofgoodssold": 5498000000,
        "costofservicesandother": 5566000000,
        "costofrevenue": 11064000000,
        "grossprofit": 17854000000,
        "researchanddevelopmentexpense": 3504000000,
        "sellingandmarketingexpense": 4562000000,
        "generalandadministrativeexpense": 1109000000,
        "operatingincomeloss": 2510000000,
        "nonoperatingincomeexpense": 490000000,
        "incomelossfromcontinuingoperationsbeforeincometaxesminorityinterestandincomelossfromequitymethodinvestments": 9169000000,
        "incometaxexpensebenefit": 13800000000,
        "netincomeloss": -6302000000,
        "earningspersharebasic": -0.82,
        "earningspersharediluted": -0.82,
        "weightedaveragenumberofsharesoutstandingbasic": 7710000000,
        "weightedaveragenumberofdilutedsharesoutstanding": 7710000000,
        "commonstockdividendspersharedeclared": 0.42,
        "othercomprehensiveincomelossderivativesqualifyingashedgesnetoftax": -7000000,
        "othercomprehensiveincomelossavailableforsalesecuritiesadjustmentnetoftax": -878000000,
        "othercomprehensiveincomelossforeigncurrencytransactionandtranslationadjustmentnetoftax": -40000000,
        "othercomprehensiveincomelossnetoftaxportionattributabletoparent": -40000000,
        "comprehensiveincomenetoftax": -7227000000
    },
    {
        "date": "2017-09-29",
        "symbol": "MSFT",
        "period": "Q1",
        "salesrevenuegoodsnet": 14298000000,
        "salesrevenueservicesandothernet": 10240000000,
        "salesrevenuenet": 5000000000,
        "costofgoodssold": 2980000000,
        "costofservicesandother": 5298000000,
        "costofrevenue": 8278000000,
        "grossprofit": 16260000000,
        "researchanddevelopmentexpense": 3574000000,
        "sellingandmarketingexpense": 3812000000,
        "generalandadministrativeexpense": 1166000000,
        "operatingincomeloss": 2565000000,
        "nonoperatingincomeexpense": 276000000,
        "incomelossfromcontinuingoperationsbeforeincometaxesminorityinterestandincomelossfromequitymethodinvestments": 7984000000,
        "incometaxexpensebenefit": 1408000000,
        "netincomeloss": 6576000000,
        "earningspersharebasic": 0.85,
        "earningspersharediluted": 0.84,
        "weightedaveragenumberofsharesoutstandingbasic": 7708000000,
        "weightedaveragenumberofdilutedsharesoutstanding": 7799000000,
        "commonstockdividendspersharedeclared": 0.42,
        "othercomprehensiveincomelossderivativesqualifyingashedgesnetoftax": -106000000,
        "othercomprehensiveincomelossavailableforsalesecuritiesadjustmentnetoftax": -288000000,
        "othercomprehensiveincomelossforeigncurrencytransactionandtranslationadjustmentnetoftax": 293000000,
        "othercomprehensiveincomelossnetoftaxportionattributabletoparent": 293000000,
        "comprehensiveincomenetoftax": 6475000000
    },
    {
        "date": "2016-06-29",
        "symbol": "MSFT",
        "period": "Q4",
        "salesrevenuenet": 14142000000,
        "costofrevenue": 7979000000,
        "grossprofit": 12635000000,
        "researchanddevelopmentexpense": 3146000000,
        "sellingandmarketingexpense": 3998000000,
        "generalandadministrativeexpense": 1301000000,
        "operatingincomeloss": 3605000000,
        "nonoperatingincomeexpense": 267000000,
        "incomelossfromcontinuingoperationsbeforeincometaxesminorityinterestandincomelossfromequitymethodinvestments": 3347000000,
        "incometaxexpensebenefit": -1274000000,
        "netincomeloss": 3424000000,
        "earningspersharebasic": 0.43000000000000027,
        "earningspersharediluted": 0.4400000000000003,
        "weightedaveragenumberofsharesoutstandingbasic": -15930000000,
        "weightedaveragenumberofdilutedsharesoutstanding": -16066000000,
        "commonstockdividendspersharedeclared": 0.3600000000000001,
        "othercomprehensiveincomelossderivativesqualifyingashedgesnetoftax": 39000000,
        "othercomprehensiveincomelossavailableforsalesecuritiesadjustmentnetoftax": -162000000,
        "othercomprehensiveincomelossforeigncurrencytransactionandtranslationadjustmentnetoftax": -180000000,
        "othercomprehensiveincomelossnetoftax": -303000000,
        "comprehensiveincomenetoftax": 3121000000,
        "othercomprehensiveincomelossderivativesqualifyingashedgestax": -10000000,
        "othercomprehensiveincomelossavailableforsalesecuritiestax": -85000000,
        "othercomprehensiveincomelossforeigncurrencytranslationadjustmenttax": -15000000
    },
    {
        "date": "2016-03-30",
        "symbol": "MSFT",
        "period": "Q3",
        "salesrevenuenet": -1545000000,
        "costofrevenue": 7722000000,
        "grossprofit": 12809000000,
        "researchanddevelopmentexpense": 2980000000,
        "sellingandmarketingexpense": 3406000000,
        "generalandadministrativeexpense": 1140000000,
        "operatingincomeloss": -1544000000,
        "nonoperatingincomeexpense": -247000000,
        "incomelossfromcontinuingoperationsbeforeincometaxesminorityinterestandincomelossfromequitymethodinvestments": 5036000000,
        "incometaxexpensebenefit": -74000000,
        "netincomeloss": 3756000000,
        "earningspersharebasic": 0.48,
        "earningspersharediluted": 0.47,
        "weightedaveragenumberofsharesoutstandingbasic": 7895000000,
        "weightedaveragenumberofdilutedsharesoutstanding": 7985000000,
        "commonstockdividendspersharedeclared": 0.36,
        "othercomprehensiveincomelossderivativesqualifyingashedgesnetoftax": -285000000,
        "othercomprehensiveincomelossavailableforsalesecuritiesadjustmentnetoftax": 345000000,
        "othercomprehensiveincomelossforeigncurrencytransactionandtranslationadjustmentnetoftax": 7000000,
        "othercomprehensiveincomelossnetoftax": 67000000,
        "comprehensiveincomenetoftax": 3823000000,
        "othercomprehensiveincomelossderivativesqualifyingashedgestax": -30000000,
        "othercomprehensiveincomelossavailableforsalesecuritiestax": 186000000,
        "othercomprehensiveincomelossforeigncurrencytranslationadjustmenttax": 3000000
    },
    {
        "date": "2015-12-30",
        "symbol": "MSFT",
        "period": "Q2",
        "salesrevenuenet": -1897000000,
        "costofrevenue": 9872000000,
        "grossprofit": 13924000000,
        "researchanddevelopmentexpense": 2900000000,
        "sellingandmarketingexpense": 3960000000,
        "generalandadministrativeexpense": 1038000000,
        "operatingincomeloss": -1897000000,
        "nonoperatingincomeexpense": -171000000,
        "incomelossfromcontinuingoperationsbeforeincometaxesminorityinterestandincomelossfromequitymethodinvestments": 5855000000,
        "incometaxexpensebenefit": 857000000,
        "netincomeloss": 4998000000,
        "earningspersharebasic": 0.63,
        "earningspersharediluted": 0.62,
        "weightedaveragenumberofsharesoutstandingbasic": 7964000000,
        "weightedaveragenumberofdilutedsharesoutstanding": 8028000000,
        "commonstockdividendspersharedeclared": 0.36,
        "othercomprehensiveincomelossderivativesqualifyingashedgesnetoftax": -49000000,
        "othercomprehensiveincomelossavailableforsalesecuritiesadjustmentnetoftax": 160000000,
        "othercomprehensiveincomelossforeigncurrencytransactionandtranslationadjustmentnetoftax": -76000000,
        "othercomprehensiveincomelossnetoftax": 35000000,
        "comprehensiveincomenetoftax": 5033000000,
        "othercomprehensiveincomelossderivativesqualifyingashedgestax": 5000000,
        "othercomprehensiveincomelossavailableforsalesecuritiestax": 86000000,
        "othercomprehensiveincomelossforeigncurrencytranslationadjustmenttax": -9000000
    },
    {
        "date": "2015-09-29",
        "symbol": "MSFT",
        "period": "Q1",
        "salesrevenuenet": -1200000000,
        "costofrevenue": 7207000000,
        "grossprofit": 13172000000,
        "researchanddevelopmentexpense": 2962000000,
        "sellingandmarketingexpense": 3333000000,
        "generalandadministrativeexpense": 1084000000,
        "operatingincomeloss": -1274000000,
        "nonoperatingincomeexpense": -280000000,
        "incomelossfromcontinuingoperationsbeforeincometaxesminorityinterestandincomelossfromequitymethodinvestments": 5513000000,
        "incometaxexpensebenefit": 893000000,
        "netincomeloss": 4620000000,
        "earningspersharebasic": 0.58,
        "earningspersharediluted": 0.57,
        "weightedaveragenumberofsharesoutstandingbasic": 7996000000,
        "weightedaveragenumberofdilutedsharesoutstanding": 8066000000,
        "commonstockdividendspersharedeclared": 0.36,
        "othercomprehensiveincomelossderivativesqualifyingashedgesnetoftax": 57000000,
        "othercomprehensiveincomelossavailableforsalesecuritiesadjustmentnetoftax": -571000000,
        "othercomprehensiveincomelossforeigncurrencytransactionandtranslationadjustmentnetoftax": -270000000,
        "othercomprehensiveincomelossnetoftax": -784000000,
        "comprehensiveincomenetoftax": 3836000000,
        "othercomprehensiveincomelossderivativesqualifyingashedgestax": 23000000,
        "othercomprehensiveincomelossavailableforsalesecuritiestax": -308000000,
        "othercomprehensiveincomelossforeigncurrencytranslationadjustmenttax": -12000000
    },
    {
        "date": "2015-06-29",
        "symbol": "MSFT",
        "period": "Q4",
        "salesrevenuenet": 79040000000,
        "costofrevenue": 7468000000,
        "grossprofit": 58384000000,
        "researchanddevelopmentexpense": 3094000000,
        "sellingandmarketingexpense": 3961000000,
        "generalandadministrativeexpense": 1272000000,
        "operatingincomeloss": 12584000000,
        "nonoperatingincomeexpense": 297000000,
        "incomelossfromcontinuingoperationsbeforeincometaxesminorityinterestandincomelossfromequitymethodinvestments": -1756000000,
        "incometaxexpensebenefit": 1439000000,
        "netincomeloss": -3195000000,
        "earningspersharebasic": -0.38,
        "earningspersharediluted": -0.38,
        "weightedaveragenumberofsharesoutstandingbasic": 8177000000,
        "weightedaveragenumberofdilutedsharesoutstanding": 8254000000,
        "commonstockdividendspersharedeclared": 0.3099999999999999,
        "othercomprehensiveincomelossderivativesqualifyingashedgesnetoftax": -408000000,
        "othercomprehensiveincomelossavailableforsalesecuritiesadjustmentnetoftax": -67000000,
        "othercomprehensiveincomelossforeigncurrencytransactionandtranslationadjustmentnetoftax": -474000000,
        "othercomprehensiveincomelossnetoftax": -949000000,
        "comprehensiveincomenetoftax": -4144000000,
        "othercomprehensiveincomelossderivativesqualifyingashedgestax": -11000000,
        "othercomprehensiveincomelossavailableforsalesecuritiestax": -39000000,
        "othercomprehensiveincomelossforeigncurrencytranslationadjustmenttax": 448000000
    },
    {
        "date": "2015-03-30",
        "symbol": "MSFT",
        "period": "Q3",
        "salesrevenuenet": 3197000000,
        "costofrevenue": 7161000000,
        "grossprofit": 410000000,
        "researchanddevelopmentexpense": 2984000000,
        "sellingandmarketingexpense": 3709000000,
        "generalandadministrativeexpense": 1091000000,
        "businesscombinationintegrationrelatedcosts": 190000000,
        "operatingincomeloss": 1656000000,
        "nonoperatingincomeexpense": -77000000,
        "incomelossfromcontinuingoperationsbeforeincometaxesminorityinterestandincomelossfromequitymethodinvestments": 6517000000,
        "incometaxexpensebenefit": 1532000000,
        "netincomeloss": 4985000000,
        "earningspersharebasic": 0.61,
        "earningspersharediluted": 0.61,
        "weightedaveragenumberofsharesoutstandingbasic": 8167000000,
        "weightedaveragenumberofdilutedsharesoutstanding": 8237000000,
        "commonstockdividendspersharedeclared": 0.31,
        "othercomprehensiveincomelossderivativesqualifyingashedgesnetoftax": 401000000,
        "othercomprehensiveincomelossavailableforsalesecuritiesadjustmentnetoftax": 125000000,
        "othercomprehensiveincomelossforeigncurrencytransactionandtranslationadjustmentnetoftax": -438000000,
        "othercomprehensiveincomelossnetoftax": 88000000,
        "comprehensiveincomenetoftax": 5073000000,
        "othercomprehensiveincomelossderivativesqualifyingashedgestax": 21000000,
        "othercomprehensiveincomelossavailableforsalesecuritiestax": 68000000,
        "othercomprehensiveincomelossforeigncurrencytranslationadjustmenttax": -174000000
    },
    {
        "date": "2014-12-30",
        "symbol": "MSFT",
        "period": "Q2",
        "salesrevenuenet": 6281000000,
        "costofrevenue": 10136000000,
        "grossprofit": 791000000,
        "researchanddevelopmentexpense": 2903000000,
        "sellingandmarketingexpense": 4315000000,
        "generalandadministrativeexpense": 1097000000,
        "businesscombinationintegrationrelatedcosts": 243000000,
        "operatingincomeloss": 1893000000,
        "nonoperatingincomeexpense": 74000000,
        "incomelossfromcontinuingoperationsbeforeincometaxesminorityinterestandincomelossfromequitymethodinvestments": 7850000000,
        "incometaxexpensebenefit": 1987000000,
        "netincomeloss": 5863000000,
        "earningspersharebasic": 0.71,
        "earningspersharediluted": 0.71,
        "weightedaveragenumberofsharesoutstandingbasic": 8228000000,
        "weightedaveragenumberofdilutedsharesoutstanding": 8297000000,
        "commonstockdividendspersharedeclared": 0.31,
        "othercomprehensiveincomelossderivativesqualifyingashedgesnetoftax": 247000000,
        "othercomprehensiveincomelossavailableforsalesecuritiesadjustmentnetoftax": -231000000,
        "othercomprehensiveincomelossforeigncurrencytransactionandtranslationadjustmentnetoftax": -390000000,
        "othercomprehensiveincomelossnetoftax": -374000000,
        "comprehensiveincomenetoftax": 5489000000,
        "othercomprehensiveincomelossderivativesqualifyingashedgestax": 6000000,
        "othercomprehensiveincomelossavailableforsalesecuritiestax": -124000000,
        "othercomprehensiveincomelossforeigncurrencytranslationadjustmenttax": -211000000
    },
    {
        "date": "2014-09-30",
        "symbol": "MSFT",
        "period": "Q1",
        "salesrevenuenet": 5062000000,
        "costofrevenue": 8273000000,
        "grossprofit": 957000000,
        "researchanddevelopmentexpense": 3065000000,
        "sellingandmarketingexpense": 3728000000,
        "generalandadministrativeexpense": 1151000000,
        "businesscombinationintegrationrelatedcosts": 1100000000,
        "operatingincomeloss": 2028000000,
        "nonoperatingincomeexpense": 52000000,
        "incomelossfromcontinuingoperationsbeforeincometaxesminorityinterestandincomelossfromequitymethodinvestments": 5896000000,
        "incometaxexpensebenefit": 1356000000,
        "netincomeloss": 4540000000,
        "earningspersharebasic": 0.55,
        "earningspersharediluted": 0.54,
        "weightedaveragenumberofsharesoutstandingbasic": 8249000000,
        "weightedaveragenumberofdilutedsharesoutstanding": 8351000000,
        "commonstockdividendspersharedeclared": 0.31,
        "othercomprehensiveincomelossderivativesqualifyingashedgesnetoftax": 319000000,
        "othercomprehensiveincomelossavailableforsalesecuritiesadjustmentnetoftax": -189000000,
        "othercomprehensiveincomelossforeigncurrencytransactionandtranslationadjustmentnetoftax": -81000000,
        "othercomprehensiveincomelossnetoftax": 49000000,
        "comprehensiveincomenetoftax": 4589000000,
        "othercomprehensiveincomelossderivativesqualifyingashedgestax": 4000000,
        "othercomprehensiveincomelossavailableforsalesecuritiestax": -102000000,
        "othercomprehensiveincomelossforeigncurrencytranslationadjustmenttax": -47000000
    },
    {
        "date": "2014-06-30",
        "symbol": "MSFT",
        "period": "Q4",
        "salesrevenuenet": -24874000000,
        "costofrevenue": 7595000000,
        "grossprofit": -14061000000,
        "researchanddevelopmentexpense": 3123000000,
        "sellingandmarketingexpense": 4682000000,
        "generalandadministrativeexpense": 1373000000,
        "operatingincomeloss": 1508000000,
        "nonoperatingincomeexpense": 95000000,
        "incomelossfromcontinuingoperationsbeforeincometaxesminorityinterestandincomelossfromequitymethodinvestments": 6577000000,
        "incometaxexpensebenefit": 1965000000,
        "netincomeloss": 4612000000,
        "earningspersharebasic": 0.5599999999999999,
        "earningspersharediluted": 0.5499999999999997,
        "weightedaveragenumberofsharesoutstandingbasic": -16650000000,
        "weightedaveragenumberofdilutedsharesoutstanding": -16797000000,
        "commonstockdividendspersharedeclared": 0.28,
        "othercomprehensiveincomelossderivativesqualifyingashedgesnetoftax": -21000000,
        "othercomprehensiveincomelossavailableforsalesecuritiesadjustmentnetoftax": 235000000,
        "othercomprehensiveincomelossforeigncurrencytransactionandtranslationadjustmentnetoftax": 162000000,
        "othercomprehensiveincomelossnetoftax": 376000000,
        "comprehensiveincomenetoftax": 4988000000,
        "othercomprehensiveincomelossderivativesqualifyingashedgestax": -3000000,
        "othercomprehensiveincomelossavailableforsalesecuritiestax": 162000000,
        "othercomprehensiveincomelossforeigncurrencytranslationadjustmenttax": -41000000
    },
    {
        "date": "2014-03-31",
        "symbol": "MSFT",
        "period": "Q3",
        "salesrevenuenet": 8305000000,
        "costofrevenue": 5941000000,
        "grossprofit": 4705000000,
        "researchanddevelopmentexpense": 2743000000,
        "sellingandmarketingexpense": 3542000000,
        "generalandadministrativeexpense": 1203000000,
        "operatingexpenses": 2336000000,
        "operatingincomeloss": 2369000000,
        "nonoperatingincomeexpense": -17000000,
        "incomelossfromcontinuingoperationsbeforeincometaxesminorityinterestandincomelossfromequitymethodinvestments": 6957000000,
        "incometaxexpensebenefit": 1297000000,
        "netincomeloss": 5660000000,
        "earningspersharebasic": 0.68,
        "earningspersharediluted": 0.68,
        "weightedaveragenumberofsharesoutstandingbasic": 8284000000,
        "weightedaveragenumberofdilutedsharesoutstanding": 8367000000,
        "commonstockdividendspersharedeclared": 0.28,
        "othercomprehensiveincomelossderivativesqualifyingashedgesnetoftax": -31000000,
        "othercomprehensiveincomelossavailableforsalesecuritiesadjustmentnetoftax": 68000000,
        "othercomprehensiveincomelossforeigncurrencytransactionandtranslationadjustmentnetoftax": 18000000,
        "othercomprehensiveincomelossnetoftax": 55000000,
        "comprehensiveincomenetoftax": 5715000000,
        "othercomprehensiveincomelossderivativesqualifyingashedgestax": 1000000,
        "othercomprehensiveincomelossavailableforsalesecuritiestax": 37000000,
        "othercomprehensiveincomelossforeigncurrencytranslationadjustmenttax": 9000000
    },
    {
        "date": "2013-12-31",
        "symbol": "MSFT",
        "period": "Q2",
        "salesrevenuenet": 11906000000,
        "costofrevenue": 8284000000,
        "grossprofit": 5820000000,
        "researchanddevelopmentexpense": 2748000000,
        "sellingandmarketingexpense": 4283000000,
        "generalandadministrativeexpense": 1235000000,
        "operatingexpenses": 3178000000,
        "operatingincomeloss": 2642000000,
        "nonoperatingincomeexpense": -91000000,
        "incomelossfromcontinuingoperationsbeforeincometaxesminorityinterestandincomelossfromequitymethodinvestments": 7878000000,
        "incometaxexpensebenefit": 1320000000,
        "netincomeloss": 6558000000,
        "earningspersharebasic": 0.79,
        "earningspersharediluted": 0.78,
        "weightedaveragenumberofsharesoutstandingbasic": 8326000000,
        "weightedaveragenumberofdilutedsharesoutstanding": 8395000000,
        "commonstockdividendspersharedeclared": 0.28,
        "othercomprehensiveincomelossderivativesqualifyingashedgesnetoftax": 43000000,
        "othercomprehensiveincomelossavailableforsalesecuritiesadjustmentnetoftax": 482000000,
        "othercomprehensiveincomelossforeigncurrencytransactionandtranslationadjustmentnetoftax": 21000000,
        "othercomprehensiveincomelossnetoftax": 546000000,
        "comprehensiveincomenetoftax": 7104000000,
        "othercomprehensiveincomelossderivativesqualifyingashedgestax": 1000000,
        "othercomprehensiveincomelossavailableforsalesecuritiestax": 245000000,
        "othercomprehensiveincomelossforeigncurrencytranslationadjustmenttax": 11000000
    },
    {
        "date": "2013-09-30",
        "symbol": "MSFT",
        "period": "Q1",
        "salesrevenuenet": 7463000000,
        "costofrevenue": 5114000000,
        "grossprofit": 4483000000,
        "researchanddevelopmentexpense": 2767000000,
        "sellingandmarketingexpense": 3304000000,
        "generalandadministrativeexpense": 1010000000,
        "operatingexpenses": 2288000000,
        "operatingincomeloss": 2195000000,
        "nonoperatingincomeexpense": 74000000,
        "incomelossfromcontinuingoperationsbeforeincometaxesminorityinterestandincomelossfromequitymethodinvestments": 6408000000,
        "incometaxexpensebenefit": 1164000000,
        "netincomeloss": 5244000000,
        "earningspersharebasic": 0.63,
        "earningspersharediluted": 0.62,
        "weightedaveragenumberofsharesoutstandingbasic": 8339000000,
        "weightedaveragenumberofdilutedsharesoutstanding": 8434000000,
        "commonstockdividendspersharedeclared": 0.28,
        "othercomprehensiveincomelossderivativesqualifyingashedgesnetoftax": -26000000,
        "othercomprehensiveincomelossavailableforsalesecuritiesadjustmentnetoftax": 952000000,
        "othercomprehensiveincomelossforeigncurrencytransactionandtranslationadjustmentnetoftax": 62000000,
        "othercomprehensiveincomelossnetoftax": 988000000,
        "comprehensiveincomenetoftax": 6232000000,
        "othercomprehensiveincomelossderivativesqualifyingashedgestax": -3000000,
        "othercomprehensiveincomelossavailableforsalesecuritiestax": 492000000,
        "othercomprehensiveincomelossforeigncurrencytranslationadjustmenttax": 33000000
    },
    {
        "date": "2013-06-30",
        "symbol": "MSFT",
        "period": "Q4",
        "salesrevenuenet": 25145000000,
        "costofrevenue": 5602000000,
        "grossprofit": 14294000000,
        "researchanddevelopmentexpense": 2783000000,
        "sellingandmarketingexpense": 4228000000,
        "generalandadministrativeexpense": 1210000000,
        "operatingexpenses": 8221000000,
        "operatingincomeloss": -3311000000,
        "nonoperatingincomeexpense": 72000000,
        "incomelossfromcontinuingoperationsbeforeincometaxesminorityinterestandincomelossfromequitymethodinvestments": 6145000000,
        "incometaxexpensebenefit": 1180000000,
        "netincomeloss": 4965000000,
        "earningspersharebasic": 0.5999999999999999,
        "earningspersharediluted": 0.5700000000000001,
        "weightedaveragenumberofsharesoutstandingbasic": -16778000000,
        "weightedaveragenumberofdilutedsharesoutstanding": -16897000000,
        "commonstockdividendspersharedeclared": 0.23000000000000007,
        "othercomprehensiveincomelossderivativesqualifyingashedgesnetoftax": -7000000,
        "othercomprehensiveincomelossavailableforsalesecuritiesadjustmentnetoftax": -381000000,
        "othercomprehensiveincomelossforeigncurrencytransactionandtranslationadjustmentnetoftax": -74000000,
        "othercomprehensiveincomelossnetoftax": -462000000,
        "comprehensiveincomenetoftax": 4503000000,
        "othercomprehensiveincomelossderivativesqualifyingashedgestax": -4000000,
        "othercomprehensiveincomelossavailableforsalesecuritiestax": -206000000,
        "othercomprehensiveincomelossforeigncurrencytranslationadjustmenttax": -40000000
    },
    {
        "date": "2013-03-31",
        "symbol": "MSFT",
        "period": "Q3",
        "salesrevenuenet": 1706000000,
        "costofrevenue": 4787000000,
        "grossprofit": 15702000000,
        "researchanddevelopmentexpense": 2640000000,
        "sellingandmarketingexpense": 3794000000,
        "generalandadministrativeexpense": 1656000000,
        "operatingexpenses": 8090000000,
        "operatingincomeloss": -2010000000,
        "nonoperatingincomeexpense": -9000000,
        "incomelossfromcontinuingoperationsbeforeincometaxesminorityinterestandincomelossfromequitymethodinvestments": 7603000000,
        "incometaxexpensebenefit": 1548000000,
        "netincomeloss": 6055000000,
        "earningspersharebasic": 0.72,
        "earningspersharediluted": 0.72,
        "weightedaveragenumberofsharesoutstandingbasic": 8364000000,
        "weightedaveragenumberofdilutedsharesoutstanding": 8429000000,
        "commonstockdividendspersharedeclared": 0.23,
        "othercomprehensiveincomelossderivativesqualifyingashedgesnetoftax": 35000000,
        "othercomprehensiveincomelossavailableforsalesecuritiesadjustmentnetoftax": 278000000,
        "othercomprehensiveincomelossforeigncurrencytransactionandtranslationadjustmentnetoftax": -114000000,
        "othercomprehensiveincomelossnetoftax": 199000000,
        "comprehensiveincomenetoftax": 6254000000,
        "othercomprehensiveincomelossderivativesqualifyingashedgestax": 19000000,
        "othercomprehensiveincomelossavailableforsalesecuritiestax": 150000000,
        "othercomprehensiveincomelossforeigncurrencytranslationadjustmenttax": -61000000
    },
    {
        "date": "2012-12-31",
        "symbol": "MSFT",
        "period": "Q2",
        "salesrevenuenet": 5253000000,
        "costofrevenue": 5692000000,
        "grossprofit": 15764000000,
        "researchanddevelopmentexpense": 2528000000,
        "sellingandmarketingexpense": 4309000000,
        "generalandadministrativeexpense": 1156000000,
        "operatingexpenses": 7993000000,
        "operatingincomeloss": 2671000000,
        "nonoperatingincomeexpense": -1000000,
        "incomelossfromcontinuingoperationsbeforeincometaxesminorityinterestandincomelossfromequitymethodinvestments": 7770000000,
        "incometaxexpensebenefit": 1393000000,
        "netincomeloss": 6377000000,
        "earningspersharebasic": 0.76,
        "earningspersharediluted": 0.76,
        "weightedaveragenumberofsharesoutstandingbasic": 8393000000,
        "weightedaveragenumberofdilutedsharesoutstanding": 8444000000,
        "commonstockdividendspersharedeclared": 0.23,
        "othercomprehensiveincomelossderivativesqualifyingashedgesnetoftax": -9000000,
        "othercomprehensiveincomelossavailableforsalesecuritiesadjustmentnetoftax": 192000000,
        "othercomprehensiveincomelossforeigncurrencytransactionandtranslationadjustmentnetoftax": 3000000,
        "othercomprehensiveincomelossnetoftax": 186000000,
        "comprehensiveincomenetoftax": 6563000000,
        "othercomprehensiveincomelossderivativesqualifyingashedgestax": -5000000,
        "othercomprehensiveincomelossavailableforsalesecuritiestax": 103000000,
        "othercomprehensiveincomelossforeigncurrencytranslationadjustmenttax": 2000000
    },
    {
        "date": "2012-09-30",
        "symbol": "MSFT",
        "period": "Q1",
        "salesrevenuenet": 4401000000,
        "costofrevenue": 4168000000,
        "grossprofit": 11840000000,
        "researchanddevelopmentexpense": 2460000000,
        "sellingandmarketingexpense": 2945000000,
        "generalandadministrativeexpense": 1127000000,
        "operatingexpenses": 6532000000,
        "operatingincomeloss": 2805000000,
        "nonoperatingincomeexpense": 226000000,
        "incomelossfromcontinuingoperationsbeforeincometaxesminorityinterestandincomelossfromequitymethodinvestments": 5534000000,
        "incometaxexpensebenefit": 1068000000,
        "netincomeloss": 4466000000,
        "earningspersharebasic": 0.53,
        "earningspersharediluted": 0.53,
        "weightedaveragenumberofsharesoutstandingbasic": 8396000000,
        "weightedaveragenumberofdilutedsharesoutstanding": 8494000000,
        "commonstockdividendspersharedeclared": 0.23,
        "othercomprehensiveincomelossderivativesqualifyingashedgesnetoftax": -45000000,
        "othercomprehensiveincomelossavailableforsalesecuritiesadjustmentnetoftax": 274000000,
        "othercomprehensiveincomelossforeigncurrencytransactionandtranslationadjustmentnetoftax": 169000000,
        "othercomprehensiveincomelossnetoftax": 398000000,
        "comprehensiveincomenetoftax": 4864000000,
        "othercomprehensiveincomelossderivativesqualifyingashedgestax": -24000000,
        "othercomprehensiveincomelossavailableforsalesecuritiestax": 148000000,
        "othercomprehensiveincomelossforeigncurrencytranslationadjustmenttax": 91000000
    },
    {
        "date": "2012-03-30",
        "symbol": "MSFT",
        "period": "Q3",
        "salesrevenuenet": 4606000000,
        "costofrevenue": 3952000000,
        "researchanddevelopmentexpense": 2517000000,
        "sellingandmarketingexpense": 3414000000,
        "generalandadministrativeexpense": 1150000000,
        "costsandexpenses": 11033000000,
        "operatingincomeloss": 2933000000,
        "nonoperatingincomeexpense": -11000000,
        "incomelossfromcontinuingoperationsbeforeincometaxesminorityinterestandincomelossfromequitymethodinvestments": 6363000000,
        "incometaxexpensebenefit": 1255000000,
        "netincomeloss": 5108000000,
        "earningspersharebasic": 0.61,
        "earningspersharediluted": 0.6,
        "weightedaveragenumberofsharesoutstandingbasic": 8401000000,
        "weightedaveragenumberofdilutedsharesoutstanding": 8498000000,
        "commonstockdividendspersharedeclared": 0.2
    },
    {
        "date": "2011-09-30",
        "symbol": "MSFT",
        "period": "Q1",
        "salesrevenuenet": 4832000000,
        "costofrevenue": 3777000000,
        "researchanddevelopmentexpense": 2329000000,
        "sellingandmarketingexpense": 2900000000,
        "generalandadministrativeexpense": 1163000000,
        "costsandexpenses": 10169000000,
        "operatingincomeloss": -1164000000,
        "nonoperatingincomeexpense": 103000000,
        "incomelossfromcontinuingoperationsbeforeincometaxesminorityinterestandincomelossfromequitymethodinvestments": 7306000000,
        "incometaxexpensebenefit": 1568000000,
        "netincomeloss": 5738000000,
        "earningspersharebasic": 0.68,
        "earningspersharediluted": 0.68,
        "weightedaveragenumberofsharesoutstandingbasic": 8392000000,
        "weightedaveragenumberofdilutedsharesoutstanding": 8490000000,
        "commonstockdividendspersharedeclared": 0.2
    },
    {
        "date": "2011-06-30",
        "symbol": "MSFT",
        "period": "Q4",
        "costofrevenue": 3708000000,
        "researchanddevelopmentexpense": 2393000000,
        "sellingandmarketingexpense": 3916000000,
        "generalandadministrativeexpense": 1179000000,
        "costsandexpenses": 11196000000,
        "operatingincomeloss": -2340000000,
        "nonoperatingincomeexpense": 148000000,
        "incomelossfromcontinuingoperationsbeforeincometaxesminorityinterestandincomelossfromequitymethodinvestments": 6319000000,
        "incometaxexpensebenefit": 445000000,
        "netincomeloss": 5874000000,
        "earningspersharebasic": 0.6999999999999998,
        "earningspersharediluted": 0.6900000000000001,
        "weightedaveragenumberofsharesoutstandingbasic": -17041000000,
        "weightedaveragenumberofdilutedsharesoutstanding": -17182000000,
        "commonstockdividendspersharedeclared": 0.15999999999999995
    },
    {
        "date": "2011-03-31",
        "symbol": "MSFT",
        "period": "Q3",
        "salesrevenuenet": 4393000000,
        "costofrevenue": 3897000000,
        "researchanddevelopmentexpense": 2269000000,
        "sellingandmarketingexpense": 3393000000,
        "generalandadministrativeexpense": 1160000000,
        "costsandexpenses": 10719000000,
        "operatingincomeloss": -1138000000,
        "nonoperatingincomeexpense": 316000000,
        "incomelossfromcontinuingoperationsbeforeincometaxesminorityinterestandincomelossfromequitymethodinvestments": 6025000000,
        "incometaxexpensebenefit": 793000000,
        "netincomeloss": 5232000000,
        "earningspersharebasic": 0.62,
        "earningspersharediluted": 0.61,
        "weightedaveragenumberofsharesoutstandingbasic": 8420000000,
        "weightedaveragenumberofdilutedsharesoutstanding": 8510000000,
        "commonstockdividendspersharedeclared": 0.16
    },
    {
        "date": "2010-12-31",
        "symbol": "MSFT",
        "period": "Q2",
        "revenues": 691000000,
        "costofrevenue": 4833000000,
        "researchanddevelopmentexpense": 2185000000,
        "sellingandmarketingexpense": 3825000000,
        "generalandadministrativeexpense": 945000000,
        "costsandexpenses": 11788000000,
        "operatingincomeloss": -562000000,
        "nonoperatingincomeexpense": 332000000,
        "incomelossfromcontinuingoperationsbeforeincometaxesminorityinterestandincomelossfromequitymethodinvestments": 8497000000,
        "incometaxexpensebenefit": 1863000000,
        "netincomeloss": 6634000000,
        "earningspersharebasic": 0.78,
        "earningspersharediluted": 0.77,
        "weightedaveragenumberofsharesoutstandingbasic": 8497000000,
        "weightedaveragenumberofdilutedsharesoutstanding": 8570000000,
        "commonstockdividendspersharedeclared": 0.16
    },
    {
        "date": "2010-09-30",
        "symbol": "MSFT",
        "period": "Q1",
        "revenues": 527000000,
        "costofrevenue": 3139000000,
        "researchanddevelopmentexpense": 2196000000,
        "sellingandmarketingexpense": 2806000000,
        "generalandadministrativeexpense": 938000000,
        "costsandexpenses": 9079000000,
        "operatingincomeloss": -579000000,
        "nonoperatingincomeexpense": 114000000,
        "incomelossfromcontinuingoperationsbeforeincometaxesminorityinterestandincomelossfromequitymethodinvestments": 7230000000,
        "incometaxexpensebenefit": 1820000000,
        "netincomeloss": 5410000000,
        "earningspersharebasic": 0.63,
        "earningspersharediluted": 0.62,
        "weightedaveragenumberofsharesoutstandingbasic": 8614000000,
        "weightedaveragenumberofdilutedsharesoutstanding": 8695000000,
        "commonstockdividendspersharedeclared": 0.16
    },
    {
        "date": "2010-06-30",
        "symbol": "MSFT",
        "period": "Q4",
        "revenues": -43917000000,
        "costofrevenue": 3170000000,
        "researchanddevelopmentexpense": 2350000000,
        "sellingandmarketingexpense": 3602000000,
        "generalandadministrativeexpense": 987000000,
        "costsandexpenses": 10109000000,
        "operatingincomeloss": -20604000000,
        "nonoperatingincomeexpense": 94000000,
        "incomelossfromcontinuingoperationsbeforeincometaxesminorityinterestandincomelossfromequitymethodinvestments": 6024000000,
        "incometaxexpensebenefit": 1506000000,
        "netincomeloss": 4518000000,
        "earningspersharebasic": 0.5199999999999999,
        "earningspersharediluted": 0.5099999999999999,
        "weightedaveragenumberofsharesoutstandingbasic": -33000000,
        "weightedaveragenumberofdilutedsharesoutstanding": -28000000,
        "commonstockdividendspersharedeclared": 0.13
    },
    {
        "date": "2010-03-31",
        "symbol": "MSFT",
        "period": "Q3",
        "revenues": 14503000000,
        "costofrevenue": 2755000000,
        "researchanddevelopmentexpense": 2220000000,
        "sellingandmarketingexpense": 3203000000,
        "generalandadministrativeexpense": 1152000000,
        "costsandexpenses": 9330000000,
        "operatingincomeloss": 5173000000,
        "nonoperatingincomeexpense": 168000000,
        "incomelossfromcontinuingoperationsbeforeincometaxesminorityinterestandincomelossfromequitymethodinvestments": 5341000000,
        "incometaxexpensebenefit": 1335000000,
        "netincomeloss": 4006000000,
        "earningspersharebasic": 0.4600000000000001,
        "earningspersharediluted": 0.45000000000000007,
        "weightedaveragenumberofsharesoutstandingbasic": -8924000000,
        "weightedaveragenumberofdilutedsharesoutstanding": -8979000000,
        "commonstockdividendspersharedeclared": 0.13
    },
    {
        "date": "2009-12-31",
        "symbol": "MSFT",
        "period": "Q2",
        "revenues": 19022000000,
        "costofrevenue": 3628000000,
        "researchanddevelopmentexpense": 2079000000,
        "sellingandmarketingexpense": 3619000000,
        "generalandadministrativeexpense": 1124000000,
        "severancecosts": 59000000,
        "costsandexpenses": 10509000000,
        "operatingincomeloss": 8513000000,
        "nonoperatingincomeexpense": 370000000,
        "incomelossfromcontinuingoperationsbeforeincometaxesminorityinterestandincomelossfromequitymethodinvestments": 8883000000,
        "incometaxexpensebenefit": 2221000000,
        "netincomeloss": 6662000000,
        "earningspersharebasic": 0.75,
        "earningspersharediluted": 0.74,
        "weightedaveragenumberofsharesoutstandingbasic": 8856000000,
        "weightedaveragenumberofdilutedsharesoutstanding": 8951000000,
        "commonstockdividendspersharedeclared": 0.13
    },
    {
        "date": "2009-09-30",
        "symbol": "MSFT",
        "period": "Q1",
        "revenues": 12920000000,
        "costofrevenue": 2842000000,
        "researchanddevelopmentexpense": 2065000000,
        "sellingandmarketingexpense": 2790000000,
        "generalandadministrativeexpense": 741000000,
        "costsandexpenses": 8438000000,
        "operatingincomeloss": 4482000000,
        "nonoperatingincomeexpense": 283000000,
        "incomelossfromcontinuingoperationsbeforeincometaxesminorityinterestandincomelossfromequitymethodinvestments": 4765000000,
        "incometaxexpensebenefit": 1191000000,
        "netincomeloss": 3574000000,
        "earningspersharebasic": 0.4,
        "earningspersharediluted": 0.4,
        "weightedaveragenumberofsharesoutstandingbasic": 8914000000,
        "weightedaveragenumberofdilutedsharesoutstanding": 8983000000,
        "commonstockdividendspersharedeclared": 0.13
    }
]