[
    {
        "date": "2024-11-01",
        "symbol": "BBY",
        "period": "Q3",
        "revenuefromcontractwithcustomerincludingassessedtax": 9445000000,
        "costofgoodsandservicessold": 7228000000,
        "grossprofit": 2217000000,
        "sellinggeneralandadministrativeexpense": 1871000000,
        "restructuringcharges": -4000000,
        "operatingincomeloss": 350000000,
        "investmentincomenet": 19000000,
        "interestexpense": 13000000,
        "incomelossfromcontinuingoperationsbeforeincometaxesminorityinterestandincomelossfromequitymethodinvestments": 356000000,
        "incometaxexpensebenefit": 85000000,
        "incomelossfromequitymethodinvestments": 2000000,
        "netincomeloss": 273000000,
        "earningspersharebasic": 1.27,
        "earningspersharediluted": 1.26,
        "weightedaveragenumberofsharesoutstandingbasic": 214800000,
        "weightedaveragenumberofdilutedsharesoutstanding": 216700000,
        "othercomprehensiveincomeforeigncurrencytransactionandtranslationgainlossarisingduringperiodnetoftax": -1000000,
        "comprehensiveincomenetoftax": 272000000
    },
    {
        "date": "2024-08-02",
        "symbol": "BBY",
        "period": "Q2",
        "revenuefromcontractwithcustomerincludingassessedtax": 9288000000,
        "costofgoodsandservicessold": 7102000000,
        "grossprofit": 2186000000,
        "sellinggeneralandadministrativeexpense": 1810000000,
        "restructuringcharges": -7000000,
        "operatingincomeloss": 383000000,
        "investmentincomenet": 21000000,
        "interestexpense": 13000000,
        "incomelossfromcontinuingoperationsbeforeincometaxesminorityinterestandincomelossfromequitymethodinvestments": 391000000,
        "incometaxexpensebenefit": 101000000,
        "incomelossfromequitymethodinvestments": 1000000,
        "netincomeloss": 291000000,
        "earningspersharebasic": 1.35,
        "earningspersharediluted": 1.34,
        "weightedaveragenumberofsharesoutstandingbasic": 216000000,
        "weightedaveragenumberofdilutedsharesoutstanding": 217100000,
        "othercomprehensiveincomeforeigncurrencytransactionandtranslationgainlossarisingduringperiodnetoftax": -2000000,
        "comprehensiveincomenetoftax": 289000000
    },
    {
        "date": "2024-05-03",
        "symbol": "BBY",
        "period": "Q1",
        "revenuefromcontractwithcustomerincludingassessedtax": 8847000000,
        "costofgoodsandservicessold": 6783000000,
        "grossprofit": 2064000000,
        "sellinggeneralandadministrativeexpense": 1737000000,
        "restructuringcharges": 15000000,
        "operatingincomeloss": 312000000,
        "investmentincomenet": 25000000,
        "interestexpense": 12000000,
        "incomelossfromcontinuingoperationsbeforeincometaxesminorityinterestandincomelossfromequitymethodinvestments": 325000000,
        "incometaxexpensebenefit": 80000000,
        "incomelossfromequitymethodinvestments": 1000000,
        "netincomeloss": 246000000,
        "earningspersharebasic": 1.14,
        "earningspersharediluted": 1.13,
        "weightedaveragenumberofsharesoutstandingbasic": 216200000,
        "weightedaveragenumberofdilutedsharesoutstanding": 217200000,
        "othercomprehensiveincomeforeigncurrencytransactionandtranslationgainlossarisingduringperiodnetoftax": -5000000,
        "comprehensiveincomenetoftax": 241000000
    },
    {
        "date": "2024-02-02",
        "symbol": "BBY",
        "period": "Q4",
        "revenuefromcontractwithcustomerincludingassessedtax": 14646000000,
        "costofgoodsandservicessold": 11645000000,
        "grossprofit": 3001000000,
        "sellinggeneralandadministrativeexpense": 2271000000,
        "restructuringcharges": 169000000,
        "operatingincomeloss": 561000000,
        "investmentincomenet": 37000000,
        "interestexpense": 14000000,
        "incomelossfromcontinuingoperationsbeforeincometaxesminorityinterestandincomelossfromequitymethodinvestments": 584000000,
        "incometaxexpensebenefit": 124000000,
        "incomelossfromequitymethodinvestments": 0,
        "netincomeloss": 460000000,
        "earningspersharebasic": 2.12,
        "earningspersharediluted": 2.1099999999999994,
        "weightedaveragenumberofsharesoutstandingbasic": 217700000,
        "weightedaveragenumberofdilutedsharesoutstanding": 218500000,
        "othercomprehensiveincomeforeigncurrencytransactionandtranslationgainlossarisingduringperiodnetoftax": 9000000,
        "comprehensiveincomenetoftax": 469000000
    },
    {
        "date": "2023-10-27",
        "symbol": "BBY",
        "period": "Q3",
        "revenuefromcontractwithcustomerincludingassessedtax": 9756000000,
        "costofgoodsandservicessold": 7524000000,
        "grossprofit": 2232000000,
        "sellinggeneralandadministrativeexpense": 1878000000,
        "restructuringcharges": -13000000,
        "operatingincomeloss": 973000000,
        "investmentincomenet": 8000000,
        "interestexpense": 14000000,
        "incomelossfromcontinuingoperationsbeforeincometaxesminorityinterestandincomelossfromequitymethodinvestments": 348000000,
        "incometaxexpensebenefit": 86000000,
        "incomelossfromequitymethodinvestments": 1000000,
        "netincomeloss": 263000000,
        "earningspersharebasic": 1.22,
        "earningspersharediluted": 1.2099999999999997,
        "weightedaveragenumberofsharesoutstandingbasic": 218400000,
        "weightedaveragenumberofdilutedsharesoutstanding": 219100000,
        "othercomprehensiveincomeforeigncurrencytransactionandtranslationgainlossarisingduringperiodnetoftax": -14000000,
        "comprehensiveincomenetoftax": 249000000
    },
    {
        "date": "2023-07-28",
        "symbol": "BBY",
        "period": "Q2",
        "revenuefromcontractwithcustomerincludingassessedtax": 9583000000,
        "costofgoodsandservicessold": 7363000000,
        "grossprofit": 2220000000,
        "sellinggeneralandadministrativeexpense": 1879000000,
        "restructuringcharges": -7000000,
        "operatingincomeloss": 19000000,
        "gainlossonsaleofbusiness": 21000000,
        "investmentincomenet": 12000000,
        "interestexpense": 12000000,
        "incomelossfromcontinuingoperationsbeforeincometaxesminorityinterestandincomelossfromequitymethodinvestments": 369000000,
        "incometaxexpensebenefit": 96000000,
        "incomelossfromequitymethodinvestments": 1000000,
        "netincomeloss": 274000000,
        "earningspersharebasic": 1.25,
        "earningspersharediluted": 1.25,
        "weightedaveragenumberofsharesoutstandingbasic": 218600000,
        "weightedaveragenumberofdilutedsharesoutstanding": 219000000,
        "othercomprehensiveincomeforeigncurrencytransactionandtranslationgainlossarisingduringperiodnetoftax": 5000000,
        "comprehensiveincomenetoftax": 279000000
    },
    {
        "date": "2023-04-28",
        "symbol": "BBY",
        "period": "Q1",
        "revenuefromcontractwithcustomerincludingassessedtax": 9467000000,
        "costofgoodsandservicessold": 7317000000,
        "grossprofit": 2150000000,
        "sellinggeneralandadministrativeexpense": 1848000000,
        "restructuringcharges": 4000000,
        "operatingincomeloss": 21000000,
        "investmentincomenet": 21000000,
        "interestexpense": 12000000,
        "incomelossfromcontinuingoperationsbeforeincometaxesminorityinterestandincomelossfromequitymethodinvestments": 320000000,
        "incometaxexpensebenefit": 75000000,
        "incomelossfromequitymethodinvestments": -1000000,
        "netincomeloss": 244000000,
        "earningspersharebasic": 1.11,
        "earningspersharediluted": 1.11,
        "weightedaveragenumberofsharesoutstandingbasic": 218900000,
        "weightedaveragenumberofdilutedsharesoutstanding": 219900000,
        "othercomprehensiveincomeforeigncurrencytransactionandtranslationgainlossarisingduringperiodnetoftax": -5000000,
        "comprehensiveincomenetoftax": 239000000
    },
    {
        "date": "2023-01-27",
        "symbol": "BBY",
        "period": "Q4",
        "revenuefromcontractwithcustomerincludingassessedtax": 14735000000,
        "costofgoodsandservicessold": 11795000000,
        "grossprofit": 2940000000,
        "sellinggeneralandadministrativeexpense": 2257000000,
        "restructuringcharges": -54000000,
        "operatingincomeloss": 67000000,
        "investmentincomenet": 26000000,
        "interestexpense": 12000000,
        "incomelossfromcontinuingoperationsbeforeincometaxesminorityinterestandincomelossfromequitymethodinvestments": 611000000,
        "incometaxexpensebenefit": 118000000,
        "netincomeloss": 495000000,
        "earningspersharebasic": 2.22,
        "earningspersharediluted": 2.2199999999999998,
        "weightedaveragenumberofsharesoutstandingbasic": -226800000,
        "weightedaveragenumberofdilutedsharesoutstanding": -227700000,
        "comprehensiveincomenetoftax": 504000000
    },
    {
        "date": "2022-10-28",
        "symbol": "BBY",
        "period": "Q3",
        "revenuefromcontractwithcustomerincludingassessedtax": 10587000000,
        "costofgoodsandservicessold": 8255000000,
        "grossprofit": 2332000000,
        "sellinggeneralandadministrativeexpense": 1941000000,
        "restructuringcharges": 26000000,
        "operatingincomeloss": 33000000,
        "investmentincomenet": 4000000,
        "interestexpense": 10000000,
        "incomelossfromcontinuingoperationsbeforeincometaxesminorityinterestandincomelossfromequitymethodinvestments": 359000000,
        "incometaxexpensebenefit": 84000000,
        "incomelossfromequitymethodinvestments": 2000000,
        "netincomeloss": 277000000,
        "earningspersharebasic": 1.23,
        "earningspersharediluted": 1.22,
        "weightedaveragenumberofsharesoutstandingbasic": 225500000,
        "weightedaveragenumberofdilutedsharesoutstanding": 226200000,
        "othercomprehensiveincomeforeigncurrencytransactionandtranslationgainlossarisingduringperiodnetoftax": -15000000,
        "comprehensiveincomenetoftax": 262000000
    },
    {
        "date": "2022-07-29",
        "symbol": "BBY",
        "period": "Q2",
        "revenuefromcontractwithcustomerincludingassessedtax": 10329000000,
        "costofgoodsandservicessold": 8042000000,
        "grossprofit": 2287000000,
        "sellinggeneralandadministrativeexpense": 1882000000,
        "restructuringcharges": -11000000,
        "operatingincomeloss": 28000000,
        "investmentincomenet": 3000000,
        "interestexpense": 7000000,
        "incomelossfromcontinuingoperationsbeforeincometaxesminorityinterestandincomelossfromequitymethodinvestments": 367000000,
        "incometaxexpensebenefit": 58000000,
        "netincomeloss": 306000000,
        "earningspersharebasic": 1.3599999999999999,
        "earningspersharediluted": 1.36,
        "weightedaveragenumberofsharesoutstandingbasic": -700000,
        "weightedaveragenumberofdilutedsharesoutstanding": -1200000,
        "othercomprehensiveincomeforeigncurrencytransactionandtranslationgainlossarisingduringperiodnetoftax": 0,
        "comprehensiveincomenetoftax": 306000000
    },
    {
        "date": "2022-04-29",
        "symbol": "BBY",
        "period": "Q1",
        "revenuefromcontractwithcustomerincludingassessedtax": 10647000000,
        "costofgoodsandservicessold": 8294000000,
        "grossprofit": 2353000000,
        "sellinggeneralandadministrativeexpense": 1890000000,
        "restructuringcharges": 44000000,
        "operatingincomeloss": 33000000,
        "investmentincomenet": -5000000,
        "interestexpense": 6000000,
        "incomelossfromcontinuingoperationsbeforeincometaxesminorityinterestandincomelossfromequitymethodinvestments": 451000000,
        "incometaxexpensebenefit": 110000000,
        "netincomeloss": 341000000,
        "earningspersharebasic": 1.5,
        "earningspersharediluted": 1.49,
        "weightedaveragenumberofsharesoutstandingbasic": 226800000,
        "weightedaveragenumberofdilutedsharesoutstanding": 228400000,
        "othercomprehensiveincomeforeigncurrencytransactionandtranslationgainlossarisingduringperiodnetoftax": -1000000,
        "comprehensiveincomenetoftax": 340000000
    },
    {
        "date": "2022-01-28",
        "symbol": "BBY",
        "period": "Q4",
        "revenuefromcontractwithcustomerincludingassessedtax": 16365000000,
        "costofgoodsandservicessold": 13052000000,
        "grossprofit": 3313000000,
        "sellinggeneralandadministrativeexpense": 2505000000,
        "restructuringcharges": -81000000,
        "operatingincomeloss": 108000000,
        "investmentincomenet": 3000000,
        "interestexpense": 6000000,
        "incomelossfromcontinuingoperationsbeforeincometaxesminorityinterestandincomelossfromequitymethodinvestments": 800000000,
        "incometaxexpensebenefit": 172000000,
        "incomelossfromequitymethodinvestments": -2000000,
        "netincomeloss": 626000000,
        "earningspersharebasic": 2.64,
        "earningspersharediluted": 2.6199999999999997,
        "weightedaveragenumberofsharesoutstandingbasic": -502900000,
        "weightedaveragenumberofdilutedsharesoutstanding": -509300000,
        "othercomprehensiveincomeforeigncurrencytransactionandtranslationgainlossarisingduringperiodnetoftax": -8000000,
        "comprehensiveincomenetoftax": 618000000
    },
    {
        "date": "2021-10-29",
        "symbol": "BBY",
        "period": "Q3",
        "revenuefromcontractwithcustomerincludingassessedtax": 11910000000,
        "costofgoodsandservicessold": 9108000000,
        "grossprofit": 2802000000,
        "sellinggeneralandadministrativeexpense": 2133000000,
        "restructuringcharges": -1000000,
        "operatingincomeloss": 61000000,
        "investmentincomenet": 1000000,
        "interestexpense": 7000000,
        "incomelossfromcontinuingoperationsbeforeincometaxesminorityinterestandincomelossfromequitymethodinvestments": 664000000,
        "incometaxexpensebenefit": 166000000,
        "incomelossfromequitymethodinvestments": 1000000,
        "netincomeloss": 499000000,
        "earningspersharebasic": 2.02,
        "earningspersharediluted": 2,
        "weightedaveragenumberofsharesoutstandingbasic": 246400000,
        "weightedaveragenumberofdilutedsharesoutstanding": 249100000,
        "othercomprehensiveincomeforeigncurrencytransactionandtranslationgainlossarisingduringperiodnetoftax": 2000000,
        "comprehensiveincomenetoftax": 501000000
    },
    {
        "date": "2021-07-30",
        "symbol": "BBY",
        "period": "Q2",
        "revenuefromcontractwithcustomerincludingassessedtax": 11849000000,
        "costofgoodsandservicessold": 9039000000,
        "grossprofit": 2810000000,
        "sellinggeneralandadministrativeexpense": 2009000000,
        "restructuringcharges": 4000000,
        "operatingincomeloss": 40000000,
        "investmentincomenet": 3000000,
        "interestexpense": 6000000,
        "incomelossfromcontinuingoperationsbeforeincometaxesminorityinterestandincomelossfromequitymethodinvestments": 794000000,
        "incometaxexpensebenefit": 64000000,
        "incomelossfromequitymethodinvestments": 4000000,
        "netincomeloss": 734000000,
        "earningspersharebasic": 2.93,
        "earningspersharediluted": 2.9,
        "weightedaveragenumberofsharesoutstandingbasic": 250200000,
        "weightedaveragenumberofdilutedsharesoutstanding": 252800000,
        "othercomprehensiveincomeforeigncurrencytransactionandtranslationgainlossarisingduringperiodnetoftax": -3000000,
        "comprehensiveincomenetoftax": 731000000
    },
    {
        "date": "2021-04-30",
        "symbol": "BBY",
        "period": "Q1",
        "revenuefromcontractwithcustomerincludingassessedtax": 11637000000,
        "costofgoodsandservicessold": 8922000000,
        "grossprofit": 2715000000,
        "sellinggeneralandadministrativeexpense": 1988000000,
        "restructuringcharges": 44000000,
        "operatingincomeloss": 35000000,
        "investmentincomenet": 3000000,
        "interestexpense": 6000000,
        "incomelossfromcontinuingoperationsbeforeincometaxesminorityinterestandincomelossfromequitymethodinvestments": 766000000,
        "incometaxexpensebenefit": 172000000,
        "incomelossfromequitymethodinvestments": 1000000,
        "netincomeloss": 595000000,
        "earningspersharebasic": 2.35,
        "earningspersharediluted": 2.32,
        "weightedaveragenumberofsharesoutstandingbasic": 253100000,
        "weightedaveragenumberofdilutedsharesoutstanding": 256700000,
        "othercomprehensiveincomeforeigncurrencytransactionandtranslationgainlossarisingduringperiodnetoftax": 10000000,
        "comprehensiveincomenetoftax": 605000000
    },
    {
        "date": "2021-01-29",
        "symbol": "BBY",
        "period": "Q4",
        "revenuefromcontractwithcustomerincludingassessedtax": 16937000000,
        "costofgoodsandservicessold": 13394000000,
        "grossprofit": 3543000000,
        "sellinggeneralandadministrativeexpense": 2368000000,
        "operatingincomeloss": 62000000,
        "investmentincomenet": 18000000,
        "interestexpense": 9000000,
        "incomelossfromcontinuingoperationsbeforeincometaxesminorityinterestandincomelossfromequitymethodinvestments": 1043000000,
        "incometaxexpensebenefit": 227000000,
        "netincomeloss": 816000000,
        "earningspersharebasic": 3.15,
        "earningspersharediluted": 3.0999999999999996,
        "weightedaveragenumberofsharesoutstandingbasic": -259199999.99999997,
        "weightedaveragenumberofdilutedsharesoutstanding": -262099999.99999997,
        "othercomprehensiveincomeforeigncurrencytransactionandtranslationgainlossarisingduringperiodnetoftax": 21000000,
        "comprehensiveincomenetoftax": 876000000
    },
    {
        "date": "2020-10-30",
        "symbol": "BBY",
        "period": "Q3",
        "revenuefromcontractwithcustomerincludingassessedtax": 11853000000,
        "costofgoodsandservicessold": 9058000000,
        "grossprofit": 2795000000,
        "sellinggeneralandadministrativeexpense": 2123000000,
        "restructuringcharges": 147000000,
        "operatingincomeloss": -51000000,
        "investmentincomenet": 5000000,
        "interestexpense": 11000000,
        "incomelossfromcontinuingoperationsbeforeincometaxesminorityinterestandincomelossfromequitymethodinvestments": 555000000,
        "incometaxexpensebenefit": 164000000,
        "netincomeloss": 391000000,
        "earningspersharebasic": 1.5,
        "earningspersharediluted": 1.48,
        "weightedaveragenumberofsharesoutstandingbasic": 259800000,
        "weightedaveragenumberofdilutedsharesoutstanding": 263700000,
        "othercomprehensiveincomeforeigncurrencytransactionandtranslationgainlossarisingduringperiodnetoftax": 10000000,
        "othercomprehensiveincomelosscashflowhedgegainlossafterreclassificationandtax": 2000000,
        "comprehensiveincomenetoftax": 403000000
    },
    {
        "date": "2020-07-31",
        "symbol": "BBY",
        "period": "Q2",
        "revenuefromcontractwithcustomerincludingassessedtax": 9910000000,
        "costofgoodsandservicessold": 7640000000,
        "grossprofit": 2270000000,
        "sellinggeneralandadministrativeexpense": 1702000000,
        "restructuringcharges": 0,
        "operatingincomeloss": 44000000,
        "investmentincomenet": 8000000,
        "interestexpense": 15000000,
        "incomelossfromcontinuingoperationsbeforeincometaxesminorityinterestandincomelossfromequitymethodinvestments": 561000000,
        "incometaxexpensebenefit": 129000000,
        "netincomeloss": 432000000,
        "earningspersharebasic": 1.67,
        "earningspersharediluted": 1.65,
        "weightedaveragenumberofsharesoutstandingbasic": 700000,
        "weightedaveragenumberofdilutedsharesoutstanding": 1000000,
        "othercomprehensiveincomeforeigncurrencytransactionandtranslationgainlossarisingduringperiodnetoftax": 17000000,
        "comprehensiveincomenetoftax": 445000000
    },
    {
        "date": "2020-05-01",
        "symbol": "BBY",
        "period": "Q1",
        "revenuefromcontractwithcustomerincludingassessedtax": 8562000000,
        "costofgoodsandservicessold": 6597000000,
        "grossprofit": 1965000000,
        "sellinggeneralandadministrativeexpense": 1735000000,
        "restructuringcharges": 1000000,
        "operatingincomeloss": -12000000,
        "investmentincomenet": 6000000,
        "interestexpense": 17000000,
        "incomelossfromcontinuingoperationsbeforeincometaxesminorityinterestandincomelossfromequitymethodinvestments": 218000000,
        "incometaxexpensebenefit": 59000000,
        "netincomeloss": 159000000,
        "earningspersharebasic": 0.61,
        "earningspersharediluted": 0.61,
        "weightedaveragenumberofsharesoutstandingbasic": 258300000,
        "weightedaveragenumberofdilutedsharesoutstanding": 260399999.99999997,
        "othercomprehensiveincomeforeigncurrencytransactionandtranslationgainlossarisingduringperiodnetoftax": -52000000,
        "comprehensiveincomenetoftax": 107000000
    },
    {
        "date": "2019-11-01",
        "symbol": "BBY",
        "period": "Q3",
        "revenuefromcontractwithcustomerincludingassessedtax": 9764000000,
        "costofgoodsandservicessold": 7403000000,
        "grossprofit": 2361000000,
        "sellinggeneralandadministrativeexpense": 1973000000,
        "restructuringcharges": -7000000,
        "operatingincomeloss": 395000000,
        "gainlossonsaleofequityinvestments": 1000000,
        "investmentincomenet": 9000000,
        "interestexpense": 16000000,
        "incomelossfromcontinuingoperationsbeforeincometaxesminorityinterestandincomelossfromequitymethodinvestments": 389000000,
        "incometaxexpensebenefit": 96000000,
        "netincomeloss": 293000000,
        "earningspersharebasic": 1.11,
        "earningspersharediluted": 1.1,
        "weightedaveragenumberofsharesoutstandingbasic": 263200000,
        "weightedaveragenumberofdilutedsharesoutstanding": 265200000,
        "othercomprehensiveincomeforeigncurrencytransactionandtranslationgainlossarisingduringperiodnetoftax": -4000000,
        "comprehensiveincomenetoftax": 289000000
    },
    {
        "date": "2019-08-02",
        "symbol": "BBY",
        "period": "Q2",
        "revenuefromcontractwithcustomerincludingassessedtax": 9536000000,
        "costofgoodsandservicessold": 7253000000,
        "grossprofit": 2283000000,
        "sellinggeneralandadministrativeexpense": 1922000000,
        "restructuringcharges": 48000000,
        "operatingincomeloss": 313000000,
        "investmentincomenet": 10000000,
        "interestexpense": 16000000,
        "incomelossfromcontinuingoperationsbeforeincometaxesminorityinterestandincomelossfromequitymethodinvestments": 307000000,
        "incometaxexpensebenefit": 69000000,
        "netincomeloss": 238000000,
        "earningspersharebasic": 0.89,
        "earningspersharediluted": 0.89,
        "weightedaveragenumberofsharesoutstandingbasic": 267100000,
        "weightedaveragenumberofdilutedsharesoutstanding": 269400000,
        "othercomprehensiveincomeforeigncurrencytransactionandtranslationgainlossarisingduringperiodnetoftax": 5000000,
        "comprehensiveincomenetoftax": 243000000
    },
    {
        "date": "2019-02-01",
        "symbol": "BBY",
        "period": "Q4",
        "netincomeloss": 735000000,
        "othercomprehensiveincomeforeigncurrencytransactionandtranslationgainlossarisingduringperiodnetoftax": -6000000,
        "comprehensiveincomenetoftax": 729000000,
        "grossprofit": 3288000000,
        "sellinggeneralandadministrativeexpense": 2306000000,
        "operatingincomeloss": 92000000,
        "investmentincomenet": 14000000,
        "interestexpense": 20000000,
        "incometaxexpensebenefit": 238000000,
        "earningspersharebasic": 2.6900000000000004,
        "earningspersharediluted": 2.6500000000000004,
        "weightedaveragenumberofsharesoutstandingbasic": -2200000,
        "weightedaveragenumberofdilutedsharesoutstanding": -2400000
    },
    {
        "date": "2018-11-02",
        "symbol": "BBY",
        "period": "Q3",
        "netincomeloss": 276000000,
        "othercomprehensiveincomeforeigncurrencytransactionandtranslationgainlossarisingduringperiodnetoftax": 4000000,
        "comprehensiveincomenetoftax": 281000000,
        "grossprofit": 2327000000,
        "sellinggeneralandadministrativeexpense": 2002000000,
        "restructuringcharges": 0,
        "operatingincomeloss": -260000000,
        "investmentincomenet": 11000000,
        "interestexpense": 15000000,
        "incometaxexpensebenefit": 54000000,
        "earningspersharebasic": 1.01,
        "earningspersharediluted": 1.0000000000000002,
        "weightedaveragenumberofsharesoutstandingbasic": -283000000,
        "weightedaveragenumberofdilutedsharesoutstanding": -288200000
    },
    {
        "date": "2018-08-03",
        "symbol": "BBY",
        "period": "Q2",
        "netincomeloss": 245000000,
        "othercomprehensiveincomeforeigncurrencytransactionandtranslationgainlossarisingduringperiodnetoftax": -14000000,
        "comprehensiveincomenetoftax": 230000000,
        "revenuefromcontractwithcustomerincludingassessedtax": 9368000000,
        "costofgoodsandservicessold": 7138000000,
        "grossprofit": 2230000000,
        "sellinggeneralandadministrativeexpense": 1877000000,
        "restructuringcharges": 17000000,
        "operatingincomeloss": 6000000,
        "investmentincomenet": 13000000,
        "interestexpense": 19000000,
        "incomelossfromcontinuingoperationsbeforeincometaxesminorityinterestandincomelossfromequitymethodinvestments": 329000000,
        "incometaxexpensebenefit": 85000000,
        "earningspersharebasic": 0.88,
        "earningspersharediluted": 0.86,
        "commonstockdividendspersharedeclared": 0.45,
        "weightedaveragenumberofsharesoutstandingbasic": 279000000,
        "weightedaveragenumberofdilutedsharesoutstanding": 283700000
    },
    {
        "date": "2018-05-04",
        "symbol": "BBY",
        "period": "Q1",
        "netincomeloss": 208000000,
        "othercomprehensiveincomeforeigncurrencytransactionandtranslationgainlossarisingduringperiodnetoftax": -4000000,
        "comprehensiveincomenetoftax": 204000000,
        "salesrevenuenet": 9109000000,
        "costofgoodssold": 6984000000,
        "grossprofit": 2125000000,
        "sellinggeneralandadministrativeexpense": 1830000000,
        "restructuringcharges": 30000000,
        "operatingincomeloss": 265000000,
        "investmentincomenet": 11000000,
        "interestexpense": 19000000,
        "incomelossattributabletoparent": 257000000,
        "incometaxexpensebenefit": 49000000,
        "earningspersharebasic": 0.74,
        "earningspersharediluted": 0.72,
        "commonstockdividendspersharedeclared": 0.45,
        "weightedaveragenumberofsharesoutstandingbasic": 282600000,
        "weightedaveragenumberofdilutedsharesoutstanding": 288300000
    },
    {
        "date": "2018-02-02",
        "symbol": "BBY",
        "period": "Q4",
        "netincomeloss": 364000000,
        "othercomprehensiveincomeforeigncurrencytransactionandtranslationgainlossarisingduringperiodnetoftax": 10000000,
        "comprehensiveincomenetoftax": 374000000,
        "salesrevenuenet": 28637000000,
        "costofgoodssold": 11942000000,
        "grossprofit": 3421000000,
        "sellinggeneralandadministrativeexpense": 2539000000,
        "operatingincomeloss": -219000000,
        "investmentincomenet": 18000000,
        "interestexpense": 18000000,
        "incomelossfromcontinuingoperationsbeforeincometaxesminorityinterestandincomelossfromequitymethodinvestments": 873000000,
        "incometaxexpensebenefit": 509000000,
        "incomelossfromcontinuingoperationsperbasicshare": 1.2300000000000004,
        "earningspersharebasic": 1.2300000000000004,
        "incomelossfromcontinuingoperationsperdilutedshare": 1.2099999999999995,
        "earningspersharediluted": 1.2099999999999995,
        "weightedaveragenumberofsharesoutstandingbasic": -612000000,
        "weightedaveragenumberofdilutedsharesoutstanding": -624100000
    },
    {
        "date": "2017-10-27",
        "symbol": "BBY",
        "period": "Q3",
        "netincomeloss": 239000000,
        "othercomprehensiveincomeforeigncurrencytransactionandtranslationgainlossarisingduringperiodnetoftax": -17000000,
        "comprehensiveincomenetoftax": 222000000,
        "salesrevenuenet": 829000000,
        "costofgoodssold": 7040000000,
        "grossprofit": 2280000000,
        "sellinggeneralandadministrativeexpense": 1932000000,
        "restructuringcharges": -2000000,
        "operatingincomeloss": 5000000,
        "investmentincomenet": 12000000,
        "interestexpense": 20000000,
        "incomelossfromcontinuingoperationsbeforeincometaxesminorityinterestandincomelossfromequitymethodinvestments": 342000000,
        "incometaxexpensebenefit": 104000000,
        "incomelossfromcontinuingoperationsincludingportionattributabletononcontrollinginterest": 238000000,
        "incomelossfromdiscontinuedoperationsnetoftax": 1000000,
        "incomelossfromcontinuingoperationsperbasicshare": 0.8,
        "earningspersharebasic": 0.8,
        "incomelossfromcontinuingoperationsperdilutedshare": 0.78,
        "earningspersharediluted": 0.78,
        "commonstockdividendspersharedeclared": 0.34,
        "weightedaveragenumberofsharesoutstandingbasic": 299100000,
        "weightedaveragenumberofdilutedsharesoutstanding": 305400000
    },
    {
        "date": "2017-07-28",
        "symbol": "BBY",
        "period": "Q2",
        "netincomeloss": 209000000,
        "othercomprehensiveincomeforeigncurrencytransactionandtranslationgainlossarisingduringperiodnetoftax": 55000000,
        "comprehensiveincomenetoftax": 264000000,
        "salesrevenuenet": 668000000,
        "costofgoodssold": 6787000000,
        "grossprofit": 2153000000,
        "sellinggeneralandadministrativeexpense": 1830000000,
        "restructuringcharges": -1000000,
        "operatingincomeloss": 5000000,
        "investmentincomenet": 7000000,
        "interestexpense": 18000000,
        "incomelossfromcontinuingoperationsbeforeincometaxesminorityinterestandincomelossfromequitymethodinvestments": 310000000,
        "incometaxexpensebenefit": 101000000,
        "incomelossfromcontinuingoperationsincludingportionattributabletononcontrollinginterest": 209000000,
        "incomelossfromcontinuingoperationsperbasicshare": 0.69,
        "earningspersharebasic": 0.69,
        "incomelossfromcontinuingoperationsperdilutedshare": 0.67,
        "earningspersharediluted": 0.67,
        "commonstockdividendspersharedeclared": 0.34,
        "weightedaveragenumberofsharesoutstandingbasic": 304100000,
        "weightedaveragenumberofdilutedsharesoutstanding": 310800000
    },
    {
        "date": "2017-04-28",
        "symbol": "BBY",
        "period": "Q1",
        "profitloss": 188000000,
        "othercomprehensiveincomeforeigncurrencytransactionandtranslationgainlossarisingduringperiodnetoftax": -13000000,
        "comprehensiveincomenetoftax": 175000000,
        "salesrevenuenet": 8528000000,
        "costofgoodssold": 6506000000,
        "grossprofit": 2022000000,
        "sellinggeneralandadministrativeexpense": 1722000000,
        "operatingincomeloss": 300000000,
        "investmentincomenet": 11000000,
        "interestexpense": 19000000,
        "incomelossfromcontinuingoperationsbeforeincometaxesminorityinterestandincomelossfromequitymethodinvestments": 292000000,
        "incometaxexpensebenefit": 104000000,
        "incomelossfromcontinuingoperationsincludingportionattributabletononcontrollinginterest": 188000000,
        "netincomeloss": 188000000,
        "incomelossfromcontinuingoperationsperbasicshare": 0.61,
        "earningspersharebasic": 0.61,
        "incomelossfromcontinuingoperationsperdilutedshare": 0.6,
        "earningspersharediluted": 0.6,
        "commonstockdividendspersharedeclared": 0.34,
        "weightedaveragenumberofsharesoutstandingbasic": 309200000,
        "weightedaveragenumberofdilutedsharesoutstanding": 315000000
    },
    {
        "date": "2017-01-27",
        "symbol": "BBY",
        "period": "Q4",
        "profitloss": 607000000,
        "othercomprehensiveincomeforeigncurrencytransactionandtranslationgainlossarisingduringperiodnetoftax": 4000000,
        "comprehensiveincomenetoftax": 609000000,
        "salesrevenuenet": 34237000000,
        "costofgoodssold": 10452000000,
        "grossprofit": 3030000000,
        "sellinggeneralandadministrativeexpense": 2140000000,
        "operatingincomeloss": 76000000,
        "investmentincomenet": 9000000,
        "interestexpense": 18000000,
        "incomelossfromcontinuingoperationsbeforeincometaxesminorityinterestandincomelossfromequitymethodinvestments": 873000000,
        "incometaxexpensebenefit": 266000000,
        "incomelossfromcontinuingoperationsincludingportionattributabletononcontrollinginterest": 607000000,
        "incomelossfromdiscontinuedoperationsnetoftax": 0,
        "netincomeloss": 607000000,
        "incomelossfromcontinuingoperationsperbasicshare": 1.9200000000000002,
        "incomelossfromdiscontinuedoperationsnetoftaxperbasicshare": 1.734723475976807e-18,
        "earningspersharebasic": 1.92,
        "incomelossfromcontinuingoperationsperdilutedshare": 1.8900000000000001,
        "incomelossfromdiscontinuedoperationsnetoftaxperdilutedshare": 1.734723475976807e-18,
        "earningspersharediluted": 1.89,
        "weightedaveragenumberofsharesoutstandingbasic": -1700000,
        "weightedaveragenumberofdilutedsharesoutstanding": -1000000
    },
    {
        "date": "2016-10-28",
        "symbol": "BBY",
        "period": "Q3",
        "profitloss": 194000000,
        "othercomprehensiveincomeforeigncurrencytransactionandtranslationgainlossarisingduringperiodnetoftax": -19000000,
        "comprehensiveincomenetoftax": 175000000,
        "salesrevenuenet": 753000000,
        "costofgoodssold": 6742000000,
        "grossprofit": 2203000000,
        "sellinggeneralandadministrativeexpense": 1890000000,
        "operatingincomeloss": -647000000,
        "investmentincomenet": 8000000,
        "interestexpense": 16000000,
        "incomelossfromcontinuingoperationsbeforeincometaxesminorityinterestandincomelossfromequitymethodinvestments": 304000000,
        "incometaxexpensebenefit": 112000000,
        "incomelossfromcontinuingoperationsincludingportionattributabletononcontrollinginterest": 192000000,
        "incomelossfromdiscontinuedoperationsnetoftax": 2000000,
        "netincomeloss": 194000000,
        "incomelossfromcontinuingoperationsperbasicshare": 0.6000000000000001,
        "incomelossfromdiscontinuedoperationsnetoftaxperbasicshare": 0.01000000000000001,
        "earningspersharebasic": 0.6099999999999999,
        "incomelossfromcontinuingoperationsperdilutedshare": 0.5900000000000001,
        "incomelossfromdiscontinuedoperationsnetoftaxperdilutedshare": 0.020000000000000004,
        "earningspersharediluted": 0.6099999999999999,
        "commonstockdividendspersharedeclared": 0.28,
        "weightedaveragenumberofsharesoutstandingbasic": -2000000,
        "weightedaveragenumberofdilutedsharesoutstanding": -1200000,
        "discontinuedoperationtaxeffectofdiscontinuedoperation": 0
    },
    {
        "date": "2016-07-29",
        "symbol": "BBY",
        "period": "Q2",
        "profitloss": 198000000,
        "othercomprehensiveincomeforeigncurrencytransactionandtranslationgainlossarisingduringperiodnetoftax": -20000000,
        "comprehensiveincomenetoftax": 178000000,
        "salesrevenuenet": -7185000000,
        "costofgoodssold": 6471000000,
        "grossprofit": 2062000000,
        "sellinggeneralandadministrativeexpense": 1773000000,
        "restructuringchargescontinuingoperations": 0,
        "operatingincomeloss": 289000000,
        "gainlossonsaleofequityinvestments": 0,
        "investmentincomenet": 8000000,
        "interestexpense": 18000000,
        "incomelossfromcontinuingoperationsbeforeincometaxesminorityinterestandincomelossfromequitymethodinvestments": 279000000,
        "incometaxexpensebenefit": 97000000,
        "incomelossfromcontinuingoperationsincludingportionattributabletononcontrollinginterest": 182000000,
        "incomelossfromdiscontinuedoperationsnetoftax": 16000000,
        "netincomeloss": 198000000,
        "incomelossfromcontinuingoperationsperbasicshare": 0.5700000000000001,
        "incomelossfromdiscontinuedoperationsnetoftaxperbasicshare": 0.049999999999999996,
        "earningspersharebasic": 0.6200000000000001,
        "incomelossfromcontinuingoperationsperdilutedshare": 0.5700000000000001,
        "incomelossfromdiscontinuedoperationsnetoftaxperdilutedshare": 0.04,
        "earningspersharediluted": 0.6100000000000001,
        "commonstockdividendspersharedeclared": 0.28,
        "weightedaveragenumberofsharesoutstandingbasic": -1400000,
        "weightedaveragenumberofdilutedsharesoutstanding": -1900000,
        "discontinuedoperationtaxeffectofdiscontinuedoperation": 10000000
    },
    {
        "date": "2016-04-29",
        "symbol": "BBY",
        "period": "Q1",
        "profitloss": 229000000,
        "othercomprehensiveincomeforeigncurrencytransactionandtranslationgainlossarisingduringperiodnetoftax": 45000000,
        "comprehensiveincomenetoftax": 274000000,
        "salesrevenuenet": 8443000000,
        "costofgoodssold": 6298000000,
        "grossprofit": 2145000000,
        "sellinggeneralandadministrativeexpense": 1744000000,
        "restructuringchargescontinuingoperations": 29000000,
        "operatingincomeloss": 372000000,
        "gainlossonsaleofequityinvestments": 2000000,
        "investmentincomenet": 6000000,
        "interestexpense": 20000000,
        "incomelossfromcontinuingoperationsbeforeincometaxesminorityinterestandincomelossfromequitymethodinvestments": 360000000,
        "incometaxexpensebenefit": 134000000,
        "incomelossfromcontinuingoperationsincludingportionattributabletononcontrollinginterest": 226000000,
        "incomelossfromdiscontinuedoperationsnetoftax": 3000000,
        "netincomeloss": 229000000,
        "incomelossfromcontinuingoperationsperbasicshare": 0.7,
        "incomelossfromdiscontinuedoperationsnetoftaxperbasicshare": 0.01,
        "earningspersharebasic": 0.71,
        "incomelossfromcontinuingoperationsperdilutedshare": 0.69,
        "incomelossfromdiscontinuedoperationsnetoftaxperdilutedshare": 0.01,
        "earningspersharediluted": 0.7,
        "commonstockdividendspersharedeclared": 0.73,
        "weightedaveragenumberofsharesoutstandingbasic": 323600000,
        "weightedaveragenumberofdilutedsharesoutstanding": 326700000,
        "discontinuedoperationtaxeffectofdiscontinuedoperation": -3000000
    },
    {
        "date": "2016-01-29",
        "symbol": "BBY",
        "period": "Q4",
        "profitloss": 479000000,
        "othercomprehensiveincomeforeigncurrencytransactionandtranslationgainlossarisingduringperiodnetoftax": -25000000,
        "comprehensiveincomenetoftax": 454000000,
        "salesrevenuenet": 34318000000,
        "costofgoodssold": 10673000000,
        "costofgoodssoldrestructuring": -1000000,
        "grossprofit": 2951000000,
        "sellinggeneralandadministrativeexpense": 2167000000,
        "operatingincomeloss": 43000000,
        "investmentincomenet": -1000000,
        "interestexpense": 20000000,
        "incomelossfromcontinuingoperationsbeforeincometaxesminorityinterestandincomelossfromequitymethodinvestments": 750000000,
        "incometaxexpensebenefit": 273000000,
        "incomelossfromcontinuingoperationsincludingportionattributabletononcontrollinginterest": 477000000,
        "netincomeloss": 479000000,
        "incomelossfromcontinuingoperationsperbasicshare": 1.3800000000000001,
        "earningspersharebasic": 1.3899999999999997,
        "incomelossfromcontinuingoperationsperdilutedshare": 1.3699999999999997,
        "earningspersharediluted": 1.3800000000000003,
        "weightedaveragenumberofsharesoutstandingbasic": -2400000,
        "weightedaveragenumberofdilutedsharesoutstanding": -2900000
    },
    {
        "date": "2015-10-30",
        "symbol": "BBY",
        "period": "Q3",
        "profitloss": 125000000,
        "othercomprehensiveincomeforeigncurrencytransactionandtranslationgainlossarisingduringperiodnetoftax": -2000000,
        "comprehensiveincomenetoftax": 123000000,
        "salesrevenuenet": 729000000,
        "costofgoodssold": 6708000000,
        "costofgoodssoldrestructuring": -1000000,
        "grossprofit": 2112000000,
        "sellinggeneralandadministrativeexpense": 1874000000,
        "restructuringchargescontinuingoperations": 8000000,
        "operatingincomeloss": -14000000,
        "investmentincomenet": 3000000,
        "interestexpense": 20000000,
        "incomelossfromcontinuingoperationsbeforeincometaxesminorityinterestandincomelossfromequitymethodinvestments": 213000000,
        "incometaxexpensebenefit": 84000000,
        "incomelossfromcontinuingoperationsincludingportionattributabletononcontrollinginterest": 129000000,
        "netincomeloss": 125000000,
        "incomelossfromcontinuingoperationsperbasicshare": 0.38,
        "earningspersharebasic": 0.37,
        "incomelossfromcontinuingoperationsperdilutedshare": 0.3600000000000001,
        "incomelossfromdiscontinuedoperationsnetoftaxperdilutedshare": 0,
        "earningspersharediluted": 0.36,
        "commonstockdividendspersharedeclared": 0.22999999999999998,
        "weightedaveragenumberofsharesoutstandingbasic": -2100000,
        "weightedaveragenumberofdilutedsharesoutstanding": -2200000
    },
    {
        "date": "2015-07-31",
        "symbol": "BBY",
        "period": "Q2",
        "profitloss": 164000000,
        "othercomprehensiveincomeforeigncurrencytransactionandtranslationgainlossarisingduringperiodnetoftax": -32000000,
        "othercomprehensiveincomelossforeigncurrencytransactionandtranslationreclassificationadjustmentfromaocirealizeduponsaleorliquidationnetoftax": 0,
        "comprehensiveincomenetoftax": 132000000,
        "salesrevenuenet": 650000000,
        "costofgoodssold": 6433000000,
        "costofgoodssoldrestructuring": -3000000,
        "grossprofit": 2098000000,
        "sellinggeneralandadministrativeexpense": 1811000000,
        "restructuringchargescontinuingoperations": -1000000,
        "operatingincomeloss": -21000000,
        "gainlossonsaleofequityinvestments": 0,
        "investmentincomenet": 4000000,
        "interestexpense": 20000000,
        "incomelossfromcontinuingoperationsbeforeincometaxesminorityinterestandincomelossfromequitymethodinvestments": 272000000,
        "incometaxexpensebenefit": 108000000,
        "incomelossfromcontinuingoperationsincludingportionattributabletononcontrollinginterest": 164000000,
        "incomelossfromdiscontinuedoperationsnetoftax": 0,
        "netincomeloss": 164000000,
        "incomelossfromcontinuingoperationsperbasicshare": 0.45999999999999996,
        "incomelossfromdiscontinuedoperationsnetoftaxperbasicshare": 0,
        "earningspersharebasic": 0.45999999999999996,
        "incomelossfromcontinuingoperationsperdilutedshare": 0.47,
        "incomelossfromdiscontinuedoperationsnetoftaxperdilutedshare": -0.010000000000000009,
        "earningspersharediluted": 0.45999999999999996,
        "commonstockdividendspersharedeclared": 0.22999999999999998,
        "weightedaveragenumberofsharesoutstandingbasic": -1400000,
        "weightedaveragenumberofdilutedsharesoutstanding": -1800000,
        "discontinuedoperationtaxeffectofdiscontinuedoperation": 0
    },
    {
        "date": "2015-05-01",
        "symbol": "BBY",
        "period": "Q1",
        "profitloss": 129000000,
        "othercomprehensiveincomeforeigncurrencytransactionandtranslationgainlossarisingduringperiodnetoftax": 15000000,
        "othercomprehensiveincomelossforeigncurrencytransactionandtranslationreclassificationadjustmentfromaocirealizeduponsaleorliquidationnetoftax": -67000000,
        "comprehensiveincomenetoftax": 77000000,
        "salesrevenuenet": 668000000,
        "costofgoodssold": 6520000000,
        "costofgoodssoldrestructuring": 8000000,
        "grossprofit": 2030000000,
        "sellinggeneralandadministrativeexpense": 1766000000,
        "restructuringchargescontinuingoperations": 178000000,
        "operatingincomeloss": -218000000,
        "gainlossonsaleofequityinvestments": 2000000,
        "investmentincomenet": 7000000,
        "interestexpense": 20000000,
        "incomelossfromcontinuingoperationsbeforeincometaxesminorityinterestandincomelossfromequitymethodinvestments": 75000000,
        "incometaxexpensebenefit": 38000000,
        "incomelossfromcontinuingoperationsincludingportionattributabletononcontrollinginterest": 37000000,
        "incomelossfromdiscontinuedoperationsnetoftax": 92000000,
        "netincomeloss": 129000000,
        "incomelossfromcontinuingoperationsperbasicshare": 0.11,
        "incomelossfromdiscontinuedoperationsnetoftaxperbasicshare": 0.26,
        "earningspersharebasic": 0.37,
        "incomelossfromcontinuingoperationsperdilutedshare": 0.1,
        "incomelossfromdiscontinuedoperationsnetoftaxperdilutedshare": 0.26,
        "earningspersharediluted": 0.36,
        "commonstockdividendspersharedeclared": 0.74,
        "weightedaveragenumberofsharesoutstandingbasic": 352400000,
        "weightedaveragenumberofdilutedsharesoutstanding": 357600000,
        "discontinuedoperationtaxeffectofdiscontinuedoperation": -3000000
    },
    {
        "date": "2015-01-30",
        "symbol": "BBY",
        "period": "Q4",
        "profitloss": 519000000,
        "comprehensiveincomenetoftaxincludingportionattributabletononcontrollinginterest": 434000000,
        "comprehensiveincomenetoftax": 433000000,
        "salesrevenuenet": 12697000000,
        "costofgoodssold": 10184000000,
        "grossprofit": 2844000000,
        "sellinggeneralandadministrativeexpense": 2031000000,
        "operatingincomeloss": 76000000,
        "investmentincomenet": -3000000,
        "interestexpense": 22000000,
        "incomelossfromcontinuingoperationsbeforeincometaxesminorityinterestandincomelossfromequitymethodinvestments": 806000000,
        "incometaxexpensebenefit": 274000000,
        "incomelossfromcontinuingoperationsincludingportionattributabletononcontrollinginterest": 532000000,
        "netincomeloss": 519000000,
        "incomelossfromcontinuingoperationsperbasicshare": 1.5199999999999996,
        "earningspersharebasic": 1.4799999999999995,
        "incomelossfromcontinuingoperationsperdilutedshare": 1.5099999999999998,
        "earningspersharediluted": 1.4700000000000002,
        "weightedaveragenumberofsharesoutstandingbasic": 500000,
        "weightedaveragenumberofdilutedsharesoutstanding": 1100000
    },
    {
        "date": "2014-10-31",
        "symbol": "BBY",
        "period": "Q3",
        "profitloss": 107000000,
        "comprehensiveincomenetoftaxincludingportionattributabletononcontrollinginterest": 81000000,
        "comprehensiveincomenetoftax": 81000000,
        "salesrevenuenet": 7992000000,
        "costofgoodssold": 7252000000,
        "grossprofit": 2128000000,
        "sellinggeneralandadministrativeexpense": 1929000000,
        "operatingincomeloss": -14000000,
        "investmentincomenet": 3000000,
        "interestexpense": 22000000,
        "incomelossfromcontinuingoperationsbeforeincometaxesminorityinterestandincomelossfromequitymethodinvestments": 176000000,
        "incometaxexpensebenefit": 69000000,
        "incomelossfromcontinuingoperationsincludingportionattributabletononcontrollinginterest": 107000000,
        "netincomeloss": 107000000,
        "incomelossfromcontinuingoperationsperbasicshare": 0.30999999999999983,
        "earningspersharebasic": 0.30999999999999983,
        "incomelossfromcontinuingoperationsperdilutedshare": 0.29000000000000004,
        "earningspersharediluted": 0.29000000000000004,
        "commonstockdividendspersharedeclared": 0.18999999999999997,
        "weightedaveragenumberofsharesoutstandingbasic": 600000,
        "weightedaveragenumberofdilutedsharesoutstanding": 900000
    },
    {
        "date": "2014-08-01",
        "symbol": "BBY",
        "period": "Q2",
        "profitloss": 146000000,
        "othercomprehensiveincomeforeigncurrencytransactionandtranslationgainlossarisingduringperiodnetoftax": 0,
        "othercomprehensiveincomeunrealizedholdinggainlossonsecuritiesarisingduringperiodnetoftax": 0,
        "comprehensiveincomenetoftaxincludingportionattributabletononcontrollinginterest": 147000000,
        "comprehensiveincomenetoftax": 146000000,
        "salesrevenuenet": 7585000000,
        "costofgoodssold": 6841000000,
        "grossprofit": 2055000000,
        "sellinggeneralandadministrativeexpense": 1812000000,
        "operatingincomeloss": -20000000,
        "investmentincomenet": 8000000,
        "interestexpense": 23000000,
        "incomelossfromcontinuingoperationsbeforeincometaxesminorityinterestandincomelossfromequitymethodinvestments": 225000000,
        "incometaxexpensebenefit": 79000000,
        "incomelossfromcontinuingoperationsincludingportionattributabletononcontrollinginterest": 146000000,
        "netincomeloss": 146000000,
        "incomelossfromcontinuingoperationsperbasicshare": 0.4099999999999999,
        "earningspersharebasic": 0.4099999999999999,
        "incomelossfromcontinuingoperationsperdilutedshare": 0.41999999999999993,
        "earningspersharediluted": 0.41999999999999993,
        "commonstockdividendspersharedeclared": 0.17,
        "weightedaveragenumberofsharesoutstandingbasic": 1000000,
        "weightedaveragenumberofdilutedsharesoutstanding": 1200000
    },
    {
        "date": "2014-05-02",
        "symbol": "BBY",
        "period": "Q1",
        "profitloss": 461000000,
        "othercomprehensiveincomeforeigncurrencytransactionandtranslationgainlossarisingduringperiodnetoftax": 3000000,
        "othercomprehensiveincomeunrealizedholdinggainlossonsecuritiesarisingduringperiodnetoftax": -1000000,
        "comprehensiveincomenetoftaxincludingportionattributabletononcontrollinginterest": 463000000,
        "comprehensiveincomenetoftax": 463000000,
        "salesrevenuenet": 7781000000,
        "costofgoodssold": 7015000000,
        "grossprofit": 2020000000,
        "sellinggeneralandadministrativeexpense": 1820000000,
        "restructuringcharges": 2000000,
        "operatingincomeloss": -29000000,
        "investmentincomenet": 6000000,
        "interestexpense": 23000000,
        "incomelossfromcontinuingoperationsbeforeincometaxesminorityinterestandincomelossfromequitymethodinvestments": 180000000,
        "incometaxexpensebenefit": -281000000,
        "incomelossfromcontinuingoperationsincludingportionattributabletononcontrollinginterest": 461000000,
        "netincomeloss": 461000000,
        "incomelossfromcontinuingoperationsperbasicshare": 1.33,
        "earningspersharebasic": 1.33,
        "incomelossfromcontinuingoperationsperdilutedshare": 1.31,
        "earningspersharediluted": 1.31,
        "commonstockdividendspersharedeclared": 0.17,
        "weightedaveragenumberofsharesoutstandingbasic": 347400000,
        "weightedaveragenumberofdilutedsharesoutstanding": 350400000
    },
    {
        "date": "2014-01-31",
        "symbol": "BBY",
        "period": "Q4",
        "profitloss": -248000000,
        "othercomprehensiveincomeforeigncurrencytransactionandtranslationgainlossarisingduringperiodnetoftax": -30000000,
        "othercomprehensiveincomeunrealizedholdinggainlossonsecuritiesarisingduringperiodnetoftax": 5000000,
        "comprehensiveincomenetoftaxincludingportionattributabletononcontrollinginterest": 258000000,
        "comprehensiveincomenetoftax": 257000000,
        "salesrevenuenet": -17056000000,
        "costofgoodssold": 11487000000,
        "grossprofit": 2881000000,
        "sellinggeneralandadministrativeexpense": 2298000000,
        "restructuringcharges": -32000000,
        "operatingincomeloss": -758000000,
        "investmentincomenet": 9000000,
        "interestexpense": 23000000,
        "incomelossfromcontinuingoperationsbeforeincometaxesminorityinterestandincomelossfromequitymethodinvestments": 456000000,
        "incometaxexpensebenefit": 145000000,
        "incomelossfromcontinuingoperationsincludingportionattributabletononcontrollinginterest": 311000000,
        "incomelossfromdiscontinuedoperationsnetoftax": -17000000,
        "incomelossfromdiscontinuedoperationsnetoftaxattributabletononcontrollinginterest": 0,
        "netincomeloss": 293000000,
        "incomelossfromcontinuingoperationsperbasicshare": 0.8999999999999997,
        "incomelossfromdiscontinuedoperationsnetoftaxperbasicshare": -0.040000000000000036,
        "earningspersharebasic": 0.8600000000000001,
        "incomelossfromcontinuingoperationsperdilutedshare": 0.8899999999999999,
        "incomelossfromdiscontinuedoperationsnetoftaxperdilutedshare": -0.04999999999999993,
        "earningspersharediluted": 0.8400000000000001,
        "weightedaveragenumberofsharesoutstandingbasic": 1400000,
        "weightedaveragenumberofdilutedsharesoutstanding": 2300000
    },
    {
        "date": "2013-11-01",
        "symbol": "BBY",
        "period": "Q3",
        "profitloss": 72000000,
        "othercomprehensiveincomeforeigncurrencytransactionandtranslationgainlossarisingduringperiodnetoftax": -2000000,
        "othercomprehensiveincomeunrealizedholdinggainlossonsecuritiesarisingduringperiodnetoftax": 1000000,
        "comprehensiveincomenetoftaxincludingportionattributabletononcontrollinginterest": 53000000,
        "comprehensiveincomenetoftaxattributabletononcontrollinginterest": 0,
        "comprehensiveincomenetoftax": 53000000,
        "salesrevenuenet": 7847000000,
        "costofgoodssold": 7192000000,
        "grossprofit": 2170000000,
        "sellinggeneralandadministrativeexpense": 2048000000,
        "restructuringcharges": 27000000,
        "operatingincomeloss": 111000000,
        "investmentincomenet": 8000000,
        "interestexpense": 24000000,
        "incomelossfromcontinuingoperationsbeforeincometaxesminorityinterestandincomelossfromequitymethodinvestments": 79000000,
        "incometaxexpensebenefit": 35000000,
        "incomelossfromcontinuingoperationsincludingportionattributabletononcontrollinginterest": 44000000,
        "incomelossfromdiscontinuedoperationsnetoftax": 10000000,
        "incomelossfromdiscontinuedoperationsnetoftaxattributabletononcontrollinginterest": -1000000,
        "netincomeloss": 54000000,
        "incomelossfromcontinuingoperationsperbasicshare": 0.13000000000000017,
        "incomelossfromdiscontinuedoperationsnetoftaxperbasicshare": 0.030000000000000027,
        "earningspersharebasic": 0.15999999999999992,
        "incomelossfromcontinuingoperationsperdilutedshare": 0.11000000000000015,
        "incomelossfromdiscontinuedoperationsnetoftaxperdilutedshare": 0.04999999999999999,
        "earningspersharediluted": 0.15999999999999992,
        "commonstockdividendspersharedeclared": 0.16999999999999996,
        "weightedaveragenumberofsharesoutstandingbasic": -338700000,
        "weightedaveragenumberofdilutedsharesoutstanding": -340100000,
        "discontinuedoperationtaxeffectofincomelossfromdiscontinuedoperationduringphaseoutperiod": -59000000
    },
    {
        "date": "2013-08-02",
        "symbol": "BBY",
        "period": "Q2",
        "profitloss": 248000000,
        "othercomprehensiveincomeforeigncurrencytransactionandtranslationgainlossarisingduringperiodnetoftax": -41000000,
        "othercomprehensiveincomeunrealizedholdinggainlossonsecuritiesarisingduringperiodnetoftax": -2000000,
        "othercomprehensiveincomelossforeigncurrencytransactionandtranslationreclassificationadjustmentfromaocirealizeduponsaleorliquidationnetoftax": 508000000,
        "othercomprehensiveincomelossreclassificationadjustmentfromaociforsaleofsecuritiesnetoftax": 1000000,
        "comprehensiveincomenetoftaxincludingportionattributabletononcontrollinginterest": 860000000,
        "comprehensiveincomenetoftaxattributabletononcontrollinginterest": 147000000,
        "comprehensiveincomenetoftax": 713000000,
        "salesrevenuenet": 7809000000,
        "costofgoodssold": 6831000000,
        "grossprofit": 2469000000,
        "sellinggeneralandadministrativeexpense": 2049000000,
        "restructuringcharges": 7000000,
        "operatingincomeloss": 420000000,
        "gainlossonsaleofequityinvestments": 14000000,
        "investmentincomenet": 5000000,
        "interestexpense": 26000000,
        "incomelossfromcontinuingoperationsbeforeincometaxesminorityinterestandincomelossfromequitymethodinvestments": 406000000,
        "incometaxexpensebenefit": 169000000,
        "incomelossfromcontinuingoperationsincludingportionattributabletononcontrollinginterest": 237000000,
        "incomelossfromdiscontinuedoperationsnetoftax": 11000000,
        "incomelossfromdiscontinuedoperationsnetoftaxattributabletononcontrollinginterest": -18000000,
        "netincomeloss": 266000000,
        "incomelossfromcontinuingoperationsperbasicshare": 0.69,
        "incomelossfromdiscontinuedoperationsnetoftaxperbasicshare": 0.09,
        "earningspersharebasic": 0.78,
        "incomelossfromcontinuingoperationsperdilutedshare": 0.69,
        "incomelossfromdiscontinuedoperationsnetoftaxperdilutedshare": 0.08,
        "earningspersharediluted": 0.77,
        "commonstockdividendspersharedeclared": 0.17,
        "weightedaveragenumberofsharesoutstandingbasic": 340400000,
        "weightedaveragenumberofdilutedsharesoutstanding": 344400000,
        "discontinuedoperationtaxeffectofincomelossfromdiscontinuedoperationduringphaseoutperiod": 38000000
    },
    {
        "date": "2013-05-03",
        "symbol": "BBY",
        "period": "Q1",
        "profitloss": -81000000,
        "othercomprehensiveincomeforeigncurrencytransactionandtranslationgainlossarisingduringperiodnetoftax": -63000000,
        "othercomprehensiveincomeunrealizedholdinggainlossonsecuritiesarisingduringperiodnetoftax": 3000000,
        "comprehensiveincomenetoftaxincludingportionattributabletononcontrollinginterest": -133000000,
        "comprehensiveincomenetoftaxattributabletononcontrollinginterest": -22000000,
        "comprehensiveincomenetoftax": -111000000,
        "salesrevenuenet": 7979000000,
        "costofgoodssold": 7210000000,
        "grossprofit": 2170000000,
        "sellinggeneralandadministrativeexpense": 1996000000,
        "restructuringcharges": 2000000,
        "operatingincomeloss": 222000000,
        "investmentincomenet": 5000000,
        "interestexpense": 27000000,
        "incomelossfromcontinuingoperationsbeforeincometaxesminorityinterestandincomelossfromequitymethodinvestments": 146000000,
        "incometaxexpensebenefit": 49000000,
        "incomelossfromcontinuingoperationsincludingportionattributabletononcontrollinginterest": 97000000,
        "incomelossfromdiscontinuedoperationsnetoftax": -170000000,
        "incomelossfromdiscontinuedoperationsnetoftaxattributabletononcontrollinginterest": 8000000,
        "netincomeloss": -81000000,
        "incomelossfromcontinuingoperationsperbasicshare": 0.29,
        "incomelossfromdiscontinuedoperationsnetoftaxperbasicshare": -0.53,
        "earningspersharebasic": -0.24,
        "incomelossfromcontinuingoperationsperdilutedshare": 0.29,
        "incomelossfromdiscontinuedoperationsnetoftaxperdilutedshare": -0.53,
        "earningspersharediluted": -0.24,
        "commonstockdividendspersharedeclared": 0.17,
        "weightedaveragenumberofsharesoutstandingbasic": 339000000,
        "weightedaveragenumberofdilutedsharesoutstanding": 341000000,
        "discontinuedoperationtaxeffectofincomelossfromdiscontinuedoperationduringphaseoutperiod": -13000000
    },
    {
        "date": "2012-11-02",
        "symbol": "BBY",
        "period": "Q3",
        "salesrevenuenet": 3080000000,
        "costofgoodssold": 8167000000,
        "grossprofit": 2586000000,
        "sellinggeneralandadministrativeexpense": 2538000000,
        "restructuringcharges": 36000000,
        "operatingincomeloss": -4000000,
        "investmentincomenet": 13000000,
        "interestexpense": 31000000,
        "incomelossfromcontinuingoperationsbeforeincometaxesminorityinterestandincomelossfromequitymethodinvestments": -6000000,
        "incometaxexpensebenefit": -2000000,
        "incomelossfromequitymethodinvestments": -1000000,
        "incomelossfromcontinuingoperationsincludingportionattributabletononcontrollinginterest": -5000000,
        "incomelossfromdiscontinuedoperationsnetoftax": 6000000,
        "profitloss": 1000000,
        "incomelossfromcontinuingoperationsattributabletononcontrollingentity": 8000000,
        "incomelossfromdiscontinuedoperationsnetoftaxattributabletononcontrollinginterest": 3000000,
        "netincomeloss": -10000000,
        "incomelossfromcontinuingoperationsperbasicshare": -0.04,
        "incomelossfromdiscontinuedoperationsnetoftaxperbasicshare": 0.01,
        "earningspersharebasic": -0.03,
        "incomelossfromcontinuingoperationsperdilutedshare": -0.04,
        "incomelossfromdiscontinuedoperationsnetoftaxperdilutedshare": 0.01,
        "earningspersharediluted": -0.03,
        "commonstockdividendspersharedeclared": 0.17,
        "weightedaveragenumberofsharesoutstandingbasic": 337200000,
        "weightedaveragenumberofdilutedsharesoutstanding": 337200000,
        "comprehensiveincomenetoftaxincludingportionattributabletononcontrollinginterest": 34000000,
        "comprehensiveincomenetoftaxattributabletononcontrollinginterest": 25000000,
        "comprehensiveincomenetoftax": 9000000,
        "discontinuedoperationtaxeffectofincomelossfromdiscontinuedoperationduringphaseoutperiod": 2000000
    },
    {
        "date": "2012-08-03",
        "symbol": "BBY",
        "period": "Q2",
        "salesrevenuenet": -103000000,
        "costofgoodssold": -21427000000,
        "grossprofit": -7102000000,
        "sellinggeneralandadministrativeexpense": -5284000000,
        "restructuringcharges": 179000000,
        "operatingincomeloss": 1148000000,
        "investmentincomenet": -25000000,
        "interestexpense": -71000000,
        "incomelossfromcontinuingoperationsbeforeincometaxesminorityinterestandincomelossfromequitymethodinvestments": -799000000,
        "incometaxexpensebenefit": -623000000,
        "incomelossfromequitymethodinvestments": 0,
        "incomelossfromcontinuingoperationsincludingportionattributabletononcontrollinginterest": -176000000,
        "incomelossfromdiscontinuedoperationsnetoftax": 299000000,
        "profitloss": -1083000000,
        "incomelossfromcontinuingoperationsattributabletononcontrollingentity": -1406000000,
        "incomelossfromdiscontinuedoperationsnetoftaxattributabletononcontrollinginterest": 128000000,
        "netincomeloss": 1401000000,
        "incomelossfromcontinuingoperationsperbasicshare": 3.4000000000000004,
        "incomelossfromdiscontinuedoperationsnetoftaxperbasicshare": 0.45999999999999996,
        "earningspersharebasic": 3.86,
        "incomelossfromcontinuingoperationsperdilutedshare": 3.4000000000000004,
        "incomelossfromdiscontinuedoperationsnetoftaxperdilutedshare": 0.45999999999999996,
        "earningspersharediluted": 3.86,
        "weightedaveragenumberofsharesoutstandingbasic": -26000000,
        "weightedaveragenumberofdilutedsharesoutstanding": -25300000
    },
    {
        "date": "2012-05-04",
        "symbol": "BBY",
        "period": "Q1",
        "salesrevenuenet": 8822000000,
        "costofgoodssold": 8703000000,
        "grossprofit": 2907000000,
        "sellinggeneralandadministrativeexpense": 2518000000,
        "restructuringcharges": 127000000,
        "operatingincomeloss": -33000000,
        "investmentincomenet": 6000000,
        "interestexpense": 33000000,
        "incomelossfromcontinuingoperationsbeforeincometaxesminorityinterestandincomelossfromequitymethodinvestments": 235000000,
        "incometaxexpensebenefit": 72000000,
        "incomelossfromequitymethodinvestments": -2000000,
        "incomelossfromcontinuingoperationsincludingportionattributabletononcontrollinginterest": 161000000,
        "incomelossfromdiscontinuedoperationsnetoftax": -9000000,
        "profitloss": 158000000,
        "incomelossfromdiscontinuedoperationsnetoftaxattributabletononcontrollinginterest": -6000000,
        "netincomeloss": 158000000,
        "incomelossfromcontinuingoperationsperbasicshare": 0.47,
        "incomelossfromdiscontinuedoperationsnetoftaxperbasicshare": -0.01,
        "earningspersharebasic": 0.46,
        "incomelossfromcontinuingoperationsperdilutedshare": 0.47,
        "incomelossfromdiscontinuedoperationsnetoftaxperdilutedshare": -0.01,
        "earningspersharediluted": 0.46,
        "commonstockdividendspersharedeclared": 0.16,
        "weightedaveragenumberofsharesoutstandingbasic": 342200000,
        "weightedaveragenumberofdilutedsharesoutstanding": 342800000,
        "comprehensiveincomenetoftaxincludingportionattributabletononcontrollinginterest": 196000000,
        "comprehensiveincomenetoftaxattributabletononcontrollinginterest": 14000000,
        "comprehensiveincomenetoftax": 182000000,
        "discontinuedoperationtaxeffectofincomelossfromdiscontinuedoperationduringphaseoutperiod": -6000000
    },
    {
        "date": "2012-03-02",
        "symbol": "BBY",
        "period": "Q4",
        "salesrevenuenet": 5438000000,
        "costofgoodssold": 29073000000,
        "grossprofit": 8768000000,
        "sellinggeneralandadministrativeexpense": 10073000000,
        "restructuringcharges": -104000000,
        "operatingincomeloss": -838000000,
        "investmentincomenet": 19000000,
        "interestexpense": 75000000,
        "incomelossfromcontinuingoperationsbeforeincometaxesminorityinterestandincomelossfromequitymethodinvestments": 869000000,
        "incometaxexpensebenefit": 717000000,
        "profitloss": 1520000000,
        "netincomeloss": -1449000000,
        "earningspersharebasic": -4.609999999999999,
        "earningspersharediluted": -4.59,
        "weightedaveragenumberofsharesoutstandingbasic": -373200000,
        "weightedaveragenumberofdilutedsharesoutstanding": -392000000
    },
    {
        "date": "2011-11-25",
        "symbol": "BBY",
        "period": "Q3",
        "salesrevenuenet": 12886000000,
        "costofgoodssold": -8328000000,
        "costofgoodssoldrestructuring": 13000000,
        "grossprofit": 4000000,
        "sellinggeneralandadministrativeexpense": 1236000000,
        "restructuringcharges": 137000000,
        "operatingincomeloss": -29000000,
        "gainlossonsaleofequityinvestments": 55000000,
        "investmentincomenet": 8000000,
        "interestexpense": 13000000,
        "incomelossfromcontinuingoperationsbeforeincometaxesminorityinterestandincomelossfromequitymethodinvestments": 77000000,
        "incometaxexpensebenefit": -57000000,
        "incomelossfromequitymethodinvestments": -1000000,
        "profitloss": 67000000,
        "netincomelossattributabletononcontrollinginterest": -23000000,
        "netincomeloss": 107000000,
        "earningspersharebasic": 0.43,
        "earningspersharediluted": 0.42,
        "commonstockdividendspersharedeclared": 0.16,
        "weightedaveragenumberofsharesoutstandingbasic": 359700000,
        "weightedaveragenumberofdilutedsharesoutstanding": 368800000
    },
    {
        "date": "2011-08-26",
        "symbol": "BBY",
        "period": "Q2",
        "salesrevenuenet": -6058000000,
        "costofgoodssold": 23556000000,
        "grossprofit": 4244000000,
        "sellinggeneralandadministrativeexpense": -577000000,
        "restructuringcharges": 2000000,
        "operatingincomeloss": 50000000,
        "investmentincomenet": 14000000,
        "interestexpense": 50000000,
        "incomelossfromcontinuingoperationsbeforeincometaxesminorityinterestandincomelossfromequitymethodinvestments": 50000000,
        "incometaxexpensebenefit": -21000000,
        "incomelossfromequitymethodinvestments": 0,
        "profitloss": -182000000,
        "netincomelossattributabletononcontrollinginterest": -17000000,
        "netincomeloss": 263000000,
        "earningspersharebasic": 0.47,
        "earningspersharediluted": 0.4600000000000001,
        "commonstockdividendspersharedeclared": 0.15,
        "weightedaveragenumberofsharesoutstandingbasic": -7900000,
        "weightedaveragenumberofdilutedsharesoutstanding": -7700000
    },
    {
        "date": "2011-05-27",
        "symbol": "BBY",
        "period": "Q1",
        "salesrevenuenet": -6631000000,
        "costofgoodssold": -6188000000,
        "grossprofit": -443000000,
        "sellinggeneralandadministrativeexpense": -490000000,
        "restructuringcharges": 4000000,
        "operatingincomeloss": 47000000,
        "investmentincomenet": -4000000,
        "interestexpense": -4000000,
        "incomelossfromcontinuingoperationsbeforeincometaxesminorityinterestandincomelossfromequitymethodinvestments": 47000000,
        "incometaxexpensebenefit": 70000000,
        "incomelossfromequitymethodinvestments": -1000000,
        "profitloss": -152000000,
        "netincomelossattributabletononcontrollinginterest": 27000000,
        "netincomeloss": -152000000,
        "earningspersharebasic": 0.35,
        "earningspersharediluted": 0.35,
        "commonstockdividendspersharedeclared": 0.15,
        "weightedaveragenumberofsharesoutstandingbasic": 387700000,
        "weightedaveragenumberofdilutedsharesoutstanding": 397200000
    },
    {
        "date": "2011-02-25",
        "symbol": "BBY",
        "period": "Q4",
        "salesrevenuenet": -45581000000,
        "costofgoodssold": -37460000000,
        "grossprofit": -8121000000,
        "sellinggeneralandadministrativeexpense": -7593000000,
        "operatingincomeloss": -528000000,
        "investmentincomenet": -20000000,
        "interestexpense": -43000000,
        "incomelossfromcontinuingoperationsbeforeincometaxesminorityinterestandincomelossfromequitymethodinvestments": -2292000000,
        "incometaxexpensebenefit": 217000000,
        "profitloss": -1299000000,
        "netincomelossattributabletononcontrollinginterest": 37000000,
        "netincomeloss": -1250000000,
        "earningspersharebasic": 1.6099999999999999,
        "earningspersharediluted": 1.58,
        "weightedaveragenumberofsharesoutstandingbasic": -824800000,
        "weightedaveragenumberofdilutedsharesoutstanding": -846600000
    },
    {
        "date": "2010-11-26",
        "symbol": "BBY",
        "period": "Q3",
        "salesrevenuenet": 11890000000,
        "costofgoodssold": 8907000000,
        "grossprofit": 2983000000,
        "sellinggeneralandadministrativeexpense": 2598000000,
        "operatingincomeloss": 385000000,
        "investmentincomenet": 8000000,
        "interestexpense": 20000000,
        "incomelossfromcontinuingoperationsbeforeincometaxesminorityinterestandincomelossfromequitymethodinvestments": 373000000,
        "incometaxexpensebenefit": 133000000,
        "profitloss": 240000000,
        "netincomelossattributabletononcontrollinginterest": 23000000,
        "netincomeloss": 217000000,
        "earningspersharebasic": 0.55,
        "earningspersharediluted": 0.54,
        "commonstockdividendspersharedeclared": 0.15,
        "weightedaveragenumberofsharesoutstandingbasic": 397100000,
        "weightedaveragenumberofdilutedsharesoutstanding": 407800000
    },
    {
        "date": "2010-08-27",
        "symbol": "BBY",
        "period": "Q2",
        "salesrevenuenet": -6607000000,
        "costofgoodssold": -5992000000,
        "grossprofit": -615000000,
        "sellinggeneralandadministrativeexpense": -663000000,
        "operatingincomeloss": 48000000,
        "investmentincomenet": -12000000,
        "interestexpense": -12000000,
        "incomelossfromcontinuingoperationsbeforeincometaxesminorityinterestandincomelossfromequitymethodinvestments": 403000000,
        "incometaxexpensebenefit": 175000000,
        "profitloss": -336000000,
        "netincomelossattributabletononcontrollinginterest": 3000000,
        "netincomeloss": -336000000,
        "earningspersharebasic": 0.61,
        "earningspersharediluted": 0.6,
        "commonstockdividendspersharedeclared": 0.14,
        "weightedaveragenumberofsharesoutstandingbasic": 413500000,
        "weightedaveragenumberofdilutedsharesoutstanding": 423600000
    },
    {
        "date": "2010-05-28",
        "symbol": "BBY",
        "period": "Q1",
        "salesrevenuenet": 10787000000,
        "costofgoodssold": 7994000000,
        "grossprofit": 2793000000,
        "sellinggeneralandadministrativeexpense": 2480000000,
        "operatingincomeloss": 313000000,
        "investmentincomenet": 12000000,
        "interestexpense": 23000000,
        "incomelossfromcontinuingoperationsbeforeincometaxesminorityinterestandincomelossfromequitymethodinvestments": 302000000,
        "incometaxexpensebenefit": 121000000,
        "profitloss": 181000000,
        "netincomelossattributabletononcontrollinginterest": 26000000,
        "netincomeloss": 155000000,
        "earningspersharebasic": 0.37,
        "earningspersharediluted": 0.36,
        "commonstockdividendspersharedeclared": 0.14,
        "weightedaveragenumberofsharesoutstandingbasic": 420300000,
        "weightedaveragenumberofdilutedsharesoutstanding": 431700000
    }
]