[
    {
        "date": "2024-11-01",
        "symbol": "MRVL",
        "period": "Q3",
        "revenuefromcontractwithcustomerexcludingassessedtax": 1516100000,
        "costofgoodsandservicessold": 1166700000,
        "grossprofit": 349400000,
        "researchanddevelopmentexpense": 488600000,
        "sellinggeneralandadministrativeexpense": 205300000,
        "restructuringcosts": 358300000,
        "costsandexpenses": 1052200000,
        "operatingincomeloss": -702800000,
        "interestexpensenonoperating": 47200000,
        "interestandotherincomenet": -500000,
        "nonoperatingincomeexpense": -47700000,
        "incomelossattributabletoparent": -750500000,
        "incometaxexpensebenefit": -74200000,
        "netincomeloss": -676300000,
        "earningspersharebasic": -0.78,
        "earningspersharediluted": -0.78,
        "weightedaveragenumberofsharesoutstandingbasic": 865700000,
        "weightedaveragenumberofdilutedsharesoutstanding": 865700000,
        "othercomprehensiveincomelosscashflowhedgegainlossafterreclassificationandtaxparent": 100000,
        "othercomprehensiveincomelossnetoftax": 100000,
        "comprehensiveincomenetoftax": -676200000
    },
    {
        "date": "2024-08-02",
        "symbol": "MRVL",
        "period": "Q2",
        "revenuefromcontractwithcustomerexcludingassessedtax": 1272900000,
        "costofgoodsandservicessold": 685300000,
        "grossprofit": 587600000,
        "researchanddevelopmentexpense": 486700000,
        "sellinggeneralandadministrativeexpense": 197300000,
        "restructuringcharges": 4000000,
        "costsandexpenses": 688000000,
        "operatingincomeloss": -100400000,
        "interestexpensenonoperating": 48400000,
        "interestandotherincome": 2600000,
        "nonoperatingincomeexpense": -45800000,
        "incomelossattributabletoparent": -146200000,
        "incometaxexpensebenefit": 47100000,
        "netincomeloss": -193300000,
        "earningspersharebasic": -0.22,
        "earningspersharediluted": -0.22,
        "weightedaveragenumberofsharesoutstandingbasic": 865700000,
        "weightedaveragenumberofdilutedsharesoutstanding": 865700000,
        "othercomprehensiveincomelosscashflowhedgegainlossafterreclassificationandtaxparent": -800000,
        "othercomprehensiveincomelossnetoftax": -800000,
        "comprehensiveincomenetoftax": -194100000
    },
    {
        "date": "2024-05-03",
        "symbol": "MRVL",
        "period": "Q1",
        "revenuefromcontractwithcustomerexcludingassessedtax": 1160900000,
        "costofgoodsandservicessold": 633100000,
        "grossprofit": 527800000,
        "researchanddevelopmentexpense": 476100000,
        "sellinggeneralandadministrativeexpense": 199900000,
        "restructuringcharges": 4100000,
        "costsandexpenses": 680100000,
        "operatingincomeloss": -152300000,
        "interestexpense": 48800000,
        "interestandotherincome": 3300000,
        "nonoperatingincomeexpense": -45500000,
        "incomelossattributabletoparent": -197800000,
        "incometaxexpensebenefit": 17800000,
        "netincomeloss": -215600000,
        "earningspersharebasic": -0.25,
        "earningspersharediluted": -0.25,
        "weightedaveragenumberofsharesoutstandingbasic": 865000000,
        "weightedaveragenumberofdilutedsharesoutstanding": 865000000,
        "othercomprehensiveincomelosscashflowhedgegainlossafterreclassificationandtaxparent": -700000,
        "othercomprehensiveincomelossnetoftax": -700000,
        "comprehensiveincomenetoftax": -216300000
    },
    {
        "date": "2024-02-02",
        "symbol": "MRVL",
        "period": "Q4",
        "revenuefromcontractwithcustomerexcludingassessedtax": 3174600000,
        "costofgoodsandservicessold": 762400000,
        "grossprofit": 664100000,
        "researchanddevelopmentexpense": 459600000,
        "sellinggeneralandadministrativeexpense": 212000000,
        "costsandexpenses": 697400000,
        "operatingincomeloss": -33300000,
        "investmentincomenonoperating": 3000000,
        "interestexpense": 52600000,
        "othernonoperatingincomeexpense": -4400000,
        "nonoperatingincomeexpenseandinterestincomeexpense": -54000000,
        "incomelossattributabletoparent": -87300000,
        "incometaxexpensebenefit": 305400000,
        "netincomeloss": -392700000,
        "earningspersharebasic": -0.4500000000000001,
        "earningspersharediluted": -0.4500000000000001,
        "weightedaveragenumberofsharesoutstandingbasic": 861300000,
        "weightedaveragenumberofdilutedsharesoutstanding": 861300000,
        "othercomprehensiveincomelosscashflowhedgegainlossafterreclassificationandtaxparent": 2500000,
        "comprehensiveincomenetoftax": -390200000
    },
    {
        "date": "2023-10-27",
        "symbol": "MRVL",
        "period": "Q3",
        "revenuefromcontractwithcustomerexcludingassessedtax": 1418600000,
        "costofgoodsandservicessold": 867400000,
        "grossprofit": 551200000,
        "researchanddevelopmentexpense": 481100000,
        "sellinggeneralandadministrativeexpense": 213000000,
        "restructuringcostsandassetimpairmentcharges": 3400000,
        "costsandexpenses": 697500000,
        "operatingincomeloss": -146300000,
        "investmentincomenonoperating": 1700000,
        "interestexpense": 52600000,
        "othernonoperatingincomeexpense": 9700000,
        "nonoperatingincomeexpenseandinterestincomeexpense": -41200000,
        "incomelossattributabletoparent": -187500000,
        "incometaxexpensebenefit": -23200000,
        "netincomeloss": -164300000,
        "earningspersharebasic": -0.19,
        "earningspersharediluted": -0.19,
        "weightedaveragenumberofsharesoutstandingbasic": 862600000,
        "weightedaveragenumberofdilutedsharesoutstanding": 862600000,
        "othercomprehensiveincomelosscashflowhedgegainlossafterreclassificationandtaxparent": -400000,
        "othercomprehensiveincomelossnetoftaxportionattributabletoparent": -400000,
        "comprehensiveincomenetoftax": -164700000
    },
    {
        "date": "2023-07-28",
        "symbol": "MRVL",
        "period": "Q2",
        "revenuefromcontractwithcustomerexcludingassessedtax": 483600000,
        "costofgoodsandservicessold": 819800000,
        "grossprofit": 521100000,
        "researchanddevelopmentexpense": 474800000,
        "sellinggeneralandadministrativeexpense": 210000000,
        "restructuringcostsandassetimpairmentcharges": 42000000,
        "costsandexpenses": 726800000,
        "operatingincomeloss": -205700000,
        "investmentincomenonoperating": 1600000,
        "interestexpense": 53800000,
        "othernonoperatingincomeexpense": 6300000,
        "nonoperatingincomeexpenseandinterestincomeexpense": -45900000,
        "incomelossattributabletoparent": -251600000,
        "incometaxexpensebenefit": -44100000,
        "netincomeloss": -207500000,
        "earningspersharebasic": -0.24,
        "earningspersharediluted": -0.24,
        "weightedaveragenumberofsharesoutstandingbasic": 860900000,
        "weightedaveragenumberofdilutedsharesoutstanding": 860900000,
        "othercomprehensiveincomelosscashflowhedgegainlossafterreclassificationandtaxparent": -100000,
        "othercomprehensiveincomelossnetoftaxportionattributabletoparent": -100000,
        "comprehensiveincomenetoftax": -207600000
    },
    {
        "date": "2023-04-28",
        "symbol": "MRVL",
        "period": "Q1",
        "revenuefromcontractwithcustomerexcludingassessedtax": 430900000,
        "costofgoodsandservicessold": 764500000,
        "grossprofit": 557200000,
        "researchanddevelopmentexpense": 480700000,
        "sellinggeneralandadministrativeexpense": 199000000,
        "restructuringcostsandassetimpairmentcharges": 59900000,
        "costsandexpenses": 739600000,
        "operatingincomeloss": -182400000,
        "investmentincomenonoperating": 2500000,
        "interestexpense": 52700000,
        "othernonoperatingincomeexpense": 300000,
        "nonoperatingincomeexpenseandinterestincomeexpense": -49900000,
        "incomelossattributabletoparent": -232300000,
        "incometaxexpensebenefit": -63400000,
        "netincomeloss": -168900000,
        "earningspersharebasic": -0.2,
        "earningspersharediluted": -0.2,
        "weightedaveragenumberofsharesoutstandingbasic": 856700000,
        "weightedaveragenumberofdilutedsharesoutstanding": 856700000,
        "othercomprehensiveincomelosscashflowhedgegainlossafterreclassificationandtaxparent": -900000,
        "othercomprehensiveincomelossnetoftaxportionattributabletoparent": -900000,
        "comprehensiveincomenetoftax": -169800000
    },
    {
        "date": "2023-01-27",
        "symbol": "MRVL",
        "period": "Q4",
        "revenuefromcontractwithcustomerexcludingassessedtax": 424800000,
        "costofgoodsandservicessold": 745200000,
        "grossprofit": 673300000,
        "researchanddevelopmentexpense": 443100000,
        "costsandexpenses": 650000000,
        "operatingincomeloss": 23300000,
        "investmentincomenonoperating": 2500000,
        "interestexpense": 49300000,
        "othernonoperatingincomeexpense": 300000,
        "incometaxexpensebenefit": -7799999.99999997,
        "netincomeloss": -15400000,
        "comprehensiveincomenetoftax": -14600000,
        "earningspersharebasic": -0.01999999999999999,
        "earningspersharediluted": -0.01999999999999999,
        "weightedaveragenumberofsharesoutstandingbasic": 900000,
        "weightedaveragenumberofdilutedsharesoutstanding": 900000
    },
    {
        "date": "2022-10-28",
        "symbol": "MRVL",
        "period": "Q3",
        "revenuefromcontractwithcustomerexcludingassessedtax": 551300000,
        "costofgoodsandservicessold": 760000000,
        "grossprofit": 777300000,
        "researchanddevelopmentexpense": 448100000,
        "sellinggeneralandadministrativeexpense": 192800000,
        "restructuringcostsandassetimpairmentcharges": 15600000,
        "costsandexpenses": 671500000,
        "operatingincomeloss": 105800000,
        "investmentincomenonoperating": 1500000,
        "interestexpense": 45200000,
        "othernonoperatingincomeexpense": 3200000,
        "nonoperatingincomeexpenseandinterestincomeexpense": -40500000,
        "incomelossattributabletoparent": 65300000,
        "incometaxexpensebenefit": 51999999.99999997,
        "netincomeloss": 13300000,
        "earningspersharebasic": 0.01999999999999999,
        "earningspersharediluted": 0.01999999999999999,
        "weightedaveragenumberofsharesoutstandingbasic": -848400000,
        "weightedaveragenumberofdilutedsharesoutstanding": -855400000,
        "comprehensiveincomenetoftax": 12500000
    },
    {
        "date": "2022-07-29",
        "symbol": "MRVL",
        "period": "Q2",
        "revenuefromcontractwithcustomerexcludingassessedtax": 540900000,
        "costofgoodsandservicessold": 730900000,
        "grossprofit": 786000000,
        "researchanddevelopmentexpense": 449000000,
        "sellinggeneralandadministrativeexpense": 211700000,
        "litigationsettlementexpense": 85000000,
        "restructuringcostsandassetimpairmentcharges": 1200000,
        "costsandexpenses": 746900000,
        "operatingincomeloss": 39100000,
        "investmentincomenonoperating": 800000,
        "interestexpense": 39800000,
        "othernonoperatingincomeexpense": 3700000,
        "nonoperatingincomeexpenseandinterestincomeexpense": -35300000,
        "incomelossattributabletoparent": 3800000,
        "incometaxexpensebenefit": -500000,
        "netincomeloss": 4300000,
        "comprehensiveincomenetoftax": 4300000,
        "earningspersharebasic": 0.01,
        "earningspersharediluted": 0.01,
        "weightedaveragenumberofsharesoutstandingbasic": 850900000,
        "weightedaveragenumberofdilutedsharesoutstanding": 857900000
    },
    {
        "date": "2022-04-29",
        "symbol": "MRVL",
        "period": "Q1",
        "revenuefromcontractwithcustomerexcludingassessedtax": 453000000,
        "costofgoodsandservicessold": 696000000,
        "grossprofit": 750900000,
        "researchanddevelopmentexpense": 444100000,
        "sellinggeneralandadministrativeexpense": 235700000,
        "restructuringcostsandassetimpairmentcharges": 1300000,
        "costsandexpenses": 681100000,
        "operatingincomeloss": 69800000,
        "investmentincomenonoperating": 500000,
        "interestexpense": 36300000,
        "othernonoperatingincomeexpense": 5200000,
        "nonoperatingincomeexpenseandinterestincomeexpense": -30600000,
        "incomelossattributabletoparent": 39200000,
        "incometaxexpensebenefit": 204900000,
        "netincomeloss": -165700000,
        "comprehensiveincomenetoftax": -165700000,
        "earningspersharebasic": -0.2,
        "earningspersharediluted": -0.2,
        "weightedaveragenumberofsharesoutstandingbasic": 848000000,
        "weightedaveragenumberofdilutedsharesoutstanding": 848000000
    },
    {
        "date": "2022-01-28",
        "symbol": "MRVL",
        "period": "Q4",
        "revenuefromcontractwithcustomerexcludingassessedtax": 313070000,
        "costofgoodsandservicessold": 656544000,
        "grossprofit": 686434000,
        "researchanddevelopmentexpense": 399269000,
        "costsandexpenses": 651782000,
        "operatingincomeloss": 34652000,
        "investmentincomenonoperating": 189000,
        "interestexpense": 65104000,
        "othernonoperatingincomeexpense": 2196000,
        "incometaxexpensebenefit": -4094000,
        "netincomeloss": 6168000,
        "comprehensiveincomenetoftax": 6168000,
        "earningspersharebasic": 0.020000000000000018,
        "earningspersharediluted": 0.020000000000000018,
        "weightedaveragenumberofsharesoutstandingbasic": -1546220000,
        "weightedaveragenumberofdilutedsharesoutstanding": -1546220000
    },
    {
        "date": "2021-10-29",
        "symbol": "MRVL",
        "period": "Q3",
        "revenuefromcontractwithcustomerexcludingassessedtax": 317750000,
        "costofgoodsandservicessold": 623425000,
        "grossprofit": 587820000,
        "researchanddevelopmentexpense": 371894000,
        "sellinggeneralandadministrativeexpense": 243406000,
        "restructuringcostsandassetimpairmentcharges": 5861000,
        "costsandexpenses": 621161000,
        "operatingincomeloss": -33341000,
        "investmentincomenonoperating": 189000,
        "interestexpense": 35423000,
        "othernonoperatingincomeexpense": 999000,
        "nonoperatingincomeexpenseandinterestincomeexpense": -34235000,
        "incomelossattributabletoparent": -67576000,
        "incometaxexpensebenefit": -5044000,
        "netincomeloss": -62532000,
        "earningspersharebasic": -0.08,
        "earningspersharediluted": -0.08,
        "weightedaveragenumberofsharesoutstandingbasic": 828635000,
        "weightedaveragenumberofdilutedsharesoutstanding": 828635000,
        "comprehensiveincomenetoftax": -62532000
    },
    {
        "date": "2021-07-30",
        "symbol": "MRVL",
        "period": "Q2",
        "revenuefromcontractwithcustomerexcludingassessedtax": 255093000,
        "costofgoodsandservicessold": 704051000,
        "grossprofit": 371830000,
        "researchanddevelopmentexpense": 367043000,
        "sellinggeneralandadministrativeexpense": 259161000,
        "restructuringcostsandassetimpairmentcharges": 12294000,
        "costsandexpenses": 638498000,
        "operatingincomeloss": -266668000,
        "investmentincomenonoperating": 150000,
        "interestexpense": 33814000,
        "othernonoperatingincomeexpense": -1654000,
        "nonoperatingincomeexpenseandinterestincomeexpense": -35318000,
        "incomelossattributabletoparent": -301986000,
        "incometaxexpensebenefit": -25558000,
        "netincomeloss": -276428000,
        "earningspersharebasic": -0.34,
        "earningspersharediluted": -0.34,
        "weightedaveragenumberofsharesoutstandingbasic": 821062000,
        "weightedaveragenumberofdilutedsharesoutstanding": 821062000,
        "comprehensiveincomenetoftax": -276428000
    },
    {
        "date": "2021-04-30",
        "symbol": "MRVL",
        "period": "Q1",
        "revenuefromcontractwithcustomerexcludingassessedtax": 832279000,
        "costofgoodsandservicessold": 414138000,
        "grossprofit": 418141000,
        "researchanddevelopmentexpense": 286100000,
        "sellinggeneralandadministrativeexpense": 201466000,
        "restructuringcostsandassetimpairmentcharges": 12886000,
        "costsandexpenses": 500452000,
        "operatingincomeloss": -82311000,
        "investmentincomenonoperating": 222000,
        "interestexpense": 35141000,
        "othernonoperatingincomeexpense": 1223000,
        "nonoperatingincomeexpenseandinterestincomeexpense": -33696000,
        "incomelossattributabletoparent": -116007000,
        "incometaxexpensebenefit": -27765000,
        "netincomeloss": -88242000,
        "earningspersharebasic": -0.13,
        "earningspersharediluted": -0.13,
        "weightedaveragenumberofsharesoutstandingbasic": 693378000,
        "weightedaveragenumberofdilutedsharesoutstanding": 693378000,
        "comprehensiveincomenetoftax": -88242000
    }
]