[
    {
        "date": "2023-10-30",
        "symbol": "HPQ",
        "period": "Q4",
        "revenues": 13817000000,
        "costofrevenue": 10832000000,
        "researchanddevelopmentexpense": 411000000,
        "sellinggeneralandadministrativeexpense": 1326000000,
        "restructuringandothercharges": 111000000,
        "businesscombinationacquisitionrelatedcosts": 35000000,
        "amortizationofintangibleassets": 88000000,
        "costsandexpenses": 12803000000,
        "operatingincomeloss": 1014000000,
        "nonoperatingincomeexpense": -162000000,
        "incomelossfromcontinuingoperationsbeforeincometaxesextraordinaryitemsnoncontrollinginterest": 852000000,
        "incometaxexpensebenefit": -122000000,
        "netincomeloss": 974000000,
        "earningspersharebasic": 0.9799999999999998,
        "earningspersharediluted": 0.9699999999999998,
        "weightedaveragenumberofsharesoutstandingbasic": 992000000,
        "weightedaveragenumberofdilutedsharesoutstanding": 1000000000,
        "othercomprehensiveincomelosscashflowhedgegainlossbeforereclassificationandtax": 330000000,
        "othercomprehensiveincomelosscashflowhedgegainlossreclassificationbeforetax": -20000000,
        "othercomprehensiveincomelosspensionandotherpostretirementbenefitplansnetunamortizedgainlossarisingduringperiodbeforetax": -146000000,
        "othercomprehensiveincomelossbeforetaxportionattributabletoparent": 176000000,
        "othercomprehensiveincomelosstaxportionattributabletoparent1": 45000000,
        "othercomprehensiveincomelossnetoftaxportionattributabletoparent": 131000000,
        "comprehensiveincomenetoftax": 1105000000
    },
    {
        "date": "2023-07-30",
        "symbol": "HPQ",
        "period": "Q3",
        "revenues": 23573000000,
        "costofrevenue": 10375000000,
        "researchanddevelopmentexpense": 354000000,
        "sellinggeneralandadministrativeexpense": 1302000000,
        "restructuringandothercharges": 75000000,
        "businesscombinationacquisitionrelatedcosts": 48000000,
        "amortizationofintangibleassets": 91000000,
        "costsandexpenses": 12245000000,
        "operatingincomeloss": 1861000000,
        "nonoperatingincomeexpense": -16000000,
        "incomelossfromcontinuingoperationsbeforeincometaxesextraordinaryitemsnoncontrollinginterest": 899000000,
        "incometaxexpensebenefit": 163000000,
        "netincomeloss": 736000000,
        "earningspersharebasic": 0.74,
        "earningspersharediluted": 0.73,
        "weightedaveragenumberofsharesoutstandingbasic": -989000000,
        "weightedaveragenumberofdilutedsharesoutstanding": -995000000,
        "othercomprehensiveincomelosscashflowhedgegainlossbeforereclassificationandtax": -68000000,
        "othercomprehensiveincomelosscashflowhedgegainlossreclassificationbeforetax": -68000000,
        "othercomprehensiveincomelosspensionandotherpostretirementbenefitplansnetunamortizedgainlossarisingduringperiodbeforetax": 37000000,
        "othercomprehensiveincomelossbeforetaxportionattributabletoparent": 48000000,
        "othercomprehensiveincomelosstaxportionattributabletoparent1": 6000000,
        "othercomprehensiveincomelossnetoftaxportionattributabletoparent": -699000000,
        "comprehensiveincomenetoftax": 778000000
    },
    {
        "date": "2023-04-29",
        "symbol": "HPQ",
        "period": "Q2",
        "revenues": 12913000000,
        "costofrevenue": 9984000000,
        "researchanddevelopmentexpense": 410000000,
        "sellinggeneralandadministrativeexpense": 1398000000,
        "restructuringandothercharges": 200000000,
        "businesscombinationacquisitionrelatedcosts": 73000000,
        "amortizationofintangibleassets": 86000000,
        "costsandexpenses": 12151000000,
        "operatingincomeloss": 762000000,
        "nonoperatingincomeexpense": -160000000,
        "incomelossfromcontinuingoperationsbeforeincometaxesextraordinaryitemsnoncontrollinginterest": 602000000,
        "incometaxexpensebenefit": -464000000,
        "netincomeloss": 1066000000,
        "earningspersharebasic": 1.08,
        "earningspersharediluted": 1.07,
        "weightedaveragenumberofsharesoutstandingbasic": 991000000,
        "weightedaveragenumberofdilutedsharesoutstanding": 998000000,
        "othercomprehensiveincomelosscashflowhedgegainlossbeforereclassificationandtax": -66000000,
        "othercomprehensiveincomelosscashflowhedgegainlossreclassificationbeforetax": -162000000,
        "othercomprehensiveincomelosscashflowhedgegainlossafterreclassificationbeforetax": 96000000,
        "othercomprehensiveincomelosspensionandotherpostretirementbenefitplansnetunamortizedgainlossarisingduringperiodbeforetax": 6000000,
        "othercomprehensiveincomelossfinalizationofpensionandnonpensionpostretirementplanvaluationbeforetax": -1000000,
        "othercomprehensiveincomelosspensionandotherpostretirementbenefitplansadjustmentbeforetax": -5000000,
        "othercomprehensiveincomelossforeigncurrencytransactionandtranslationadjustmentbeforetax": 9000000,
        "othercomprehensiveincomelossbeforetaxportionattributabletoparent": 110000000,
        "othercomprehensiveincomelosstaxportionattributabletoparent1": 22000000,
        "othercomprehensiveincomelossnetoftaxportionattributabletoparent": 88000000,
        "comprehensiveincomenetoftax": 1154000000
    },
    {
        "date": "2023-01-30",
        "symbol": "HPQ",
        "period": "Q1",
        "revenues": 3415000000,
        "costofrevenue": 11019000000,
        "researchanddevelopmentexpense": 403000000,
        "sellinggeneralandadministrativeexpense": 1331000000,
        "restructuringandothercharges": 141000000,
        "businesscombinationacquisitionrelatedcosts": 84000000,
        "amortizationofintangibleassets": 85000000,
        "costsandexpenses": 13063000000,
        "operatingincomeloss": -181000000,
        "nonoperatingincomeexpense": -181000000,
        "incomelossfromcontinuingoperationsbeforeincometaxesextraordinaryitemsnoncontrollinginterest": 584000000,
        "incometaxexpensebenefit": 97000000,
        "netincomeloss": 487000000,
        "earningspersharebasic": 0.49,
        "earningspersharediluted": 0.49,
        "weightedaveragenumberofsharesoutstandingbasic": 989000000,
        "weightedaveragenumberofdilutedsharesoutstanding": 996000000,
        "othercomprehensiveincomeunrealizedholdinggainlossonsecuritiesarisingduringperiodbeforetax": 4000000,
        "othercomprehensiveincomelosscashflowhedgegainlossbeforereclassificationandtax": -623000000,
        "othercomprehensiveincomelosscashflowhedgegainlossreclassificationbeforetax": 334000000,
        "othercomprehensiveincomelosscashflowhedgegainlossafterreclassificationbeforetax": -957000000,
        "othercomprehensiveincomelosspensionandotherpostretirementbenefitplansnetunamortizedgainlossarisingduringperiodbeforetax": -38000000,
        "othercomprehensiveincomelossfinalizationofpensionandnonpensionpostretirementplanvaluationbeforetax": 1000000,
        "othercomprehensiveincomelosspensionandotherpostretirementbenefitplansadjustmentbeforetax": 37000000,
        "othercomprehensiveincomelossforeigncurrencytransactionandtranslationadjustmentbeforetax": 29000000,
        "othercomprehensiveincomelossbeforetaxportionattributabletoparent": -961000000,
        "othercomprehensiveincomelosstaxportionattributabletoparent1": -192000000,
        "othercomprehensiveincomelossnetoftaxportionattributabletoparent": -28000000,
        "comprehensiveincomenetoftax": -282000000
    },
    {
        "date": "2022-10-30",
        "symbol": "HPQ",
        "period": "Q4",
        "revenues": 38833000000,
        "costofrevenue": 12084000000,
        "researchanddevelopmentexpense": 382000000,
        "sellinggeneralandadministrativeexpense": 1189000000,
        "restructuringandothercharges": 70000000,
        "businesscombinationacquisitionrelatedcosts": 235000000,
        "amortizationofintangibleassets": 74000000,
        "costsandexpenses": 14034000000,
        "operatingincomeloss": 3426000000,
        "nonoperatingincomeexpense": -94000000,
        "incomelossfromcontinuingoperationsbeforeincometaxesextraordinaryitemsnoncontrollinginterest": 673000000,
        "incometaxexpensebenefit": 675000000,
        "netincomeloss": -2000000,
        "earningspersharebasic": 0.04999999999999982,
        "earningspersharediluted": 0.039999999999999813,
        "weightedaveragenumberofsharesoutstandingbasic": -2117000000,
        "weightedaveragenumberofdilutedsharesoutstanding": -2141000000,
        "othercomprehensiveincomeunrealizedholdinggainlossonsecuritiesarisingduringperiodbeforetax": -4000000,
        "othercomprehensiveincomelosscashflowhedgegainlossbeforereclassificationandtax": 1176000000,
        "othercomprehensiveincomelosscashflowhedgegainlossreclassificationbeforetax": 288000000,
        "othercomprehensiveincomelosscashflowhedgegainlossafterreclassificationbeforetax": 71000000,
        "othercomprehensiveincomelosspensionandotherpostretirementbenefitplansnetunamortizedgainlossarisingduringperiodbeforetax": -28000000,
        "othercomprehensiveincomedefinedbenefitplannetpriorservicecostcreditarisingduringperiodbeforetax": -4000000,
        "othercomprehensiveincomelosspensionandotherpostretirementbenefitplansadjustmentbeforetax": 23000000,
        "othercomprehensiveincomelossbeforetaxportionattributabletoparent": 22000000,
        "othercomprehensiveincomelosstaxportionattributabletoparent1": 96000000,
        "othercomprehensiveincomelossnetoftaxportionattributabletoparent": 314000000,
        "comprehensiveincomenetoftax": 74000000
    },
    {
        "date": "2022-07-30",
        "symbol": "HPQ",
        "period": "Q3",
        "revenues": 3557000000,
        "costofrevenue": 11764000000,
        "researchanddevelopmentexpense": 368000000,
        "sellinggeneralandadministrativeexpense": 1143000000,
        "restructuringandothercharges": 13000000,
        "businesscombinationacquisitionrelatedcosts": 31000000,
        "amortizationofintangibleassets": 50000000,
        "businessexitcosts1": 23000000,
        "costsandexpenses": 13392000000,
        "operatingincomeloss": -70000000,
        "nonoperatingincomeexpense": -70000000,
        "incomelossfromcontinuingoperationsbeforeincometaxesextraordinaryitemsnoncontrollinginterest": 1202000000,
        "incometaxexpensebenefit": 83000000,
        "netincomeloss": 1119000000,
        "earningspersharebasic": 1.09,
        "earningspersharediluted": 1.08,
        "weightedaveragenumberofsharesoutstandingbasic": 1024000000,
        "weightedaveragenumberofdilutedsharesoutstanding": 1035000000,
        "othercomprehensiveincomeunrealizedholdinggainlossonsecuritiesarisingduringperiodbeforetax": -1000000,
        "othercomprehensiveincomelosscashflowhedgegainlossbeforereclassificationandtax": 16000000,
        "othercomprehensiveincomelosscashflowhedgegainlossreclassificationbeforetax": 327000000,
        "othercomprehensiveincomelosscashflowhedgegainlossafterreclassificationbeforetax": -47000000,
        "othercomprehensiveincomelosspensionandotherpostretirementbenefitplansnetunamortizedgainlossarisingduringperiodbeforetax": 10000000,
        "othercomprehensiveincomedefinedbenefitplannetpriorservicecostcreditarisingduringperiodbeforetax": -5000000,
        "othercomprehensiveincomelossfinalizationofpensionandnonpensionpostretirementplanvaluationbeforetax": -1000000,
        "othercomprehensiveincomelosspensionandotherpostretirementbenefitplansadjustmentbeforetax": -14000000,
        "othercomprehensiveincomelossforeigncurrencytransactionandtranslationadjustmentbeforetax": -14000000,
        "othercomprehensiveincomelossbeforetaxportionattributabletoparent": -48000000,
        "othercomprehensiveincomelosstaxportionattributabletoparent1": 3000000,
        "othercomprehensiveincomelossnetoftaxportionattributabletoparent": 11000000,
        "comprehensiveincomenetoftax": 1009000000
    },
    {
        "date": "2022-04-29",
        "symbol": "HPQ",
        "period": "Q2",
        "revenues": 3565000000,
        "costofrevenue": 13157000000,
        "researchanddevelopmentexpense": 425000000,
        "sellinggeneralandadministrativeexpense": 1464000000,
        "restructuringandothercharges": 82000000,
        "businesscombinationacquisitionrelatedcosts": 32000000,
        "amortizationofintangibleassets": 52000000,
        "costsandexpenses": 15212000000,
        "operatingincomeloss": -39000000,
        "nonoperatingincomeexpense": -39000000,
        "incomelossfromcontinuingoperationsbeforeincometaxesextraordinaryitemsnoncontrollinginterest": 1239000000,
        "incometaxexpensebenefit": 239000000,
        "netincomeloss": 1000000000,
        "earningspersharebasic": 0.95,
        "earningspersharediluted": 0.94,
        "weightedaveragenumberofsharesoutstandingbasic": 1050000000,
        "weightedaveragenumberofdilutedsharesoutstanding": 1062000000,
        "othercomprehensiveincomeunrealizedholdinggainlossonsecuritiesarisingduringperiodbeforetax": -4000000,
        "othercomprehensiveincomelosscashflowhedgegainlossbeforereclassificationandtax": 50000000,
        "othercomprehensiveincomelosscashflowhedgegainlossreclassificationbeforetax": 120000000,
        "othercomprehensiveincomelosscashflowhedgegainlossafterreclassificationbeforetax": 483000000,
        "othercomprehensiveincomelosspensionandotherpostretirementbenefitplansnetunamortizedgainlossarisingduringperiodbeforetax": 1000000,
        "othercomprehensiveincomedefinedbenefitplannetpriorservicecostcreditarisingduringperiodbeforetax": -5000000,
        "othercomprehensiveincomelosspensionandotherpostretirementbenefitplansadjustmentbeforetax": -6000000,
        "othercomprehensiveincomelossforeigncurrencytransactionandtranslationadjustmentbeforetax": -32000000,
        "othercomprehensiveincomelossbeforetaxportionattributabletoparent": 453000000,
        "othercomprehensiveincomelosstaxportionattributabletoparent1": -1000000,
        "othercomprehensiveincomelossnetoftaxportionattributabletoparent": 4000000,
        "comprehensiveincomenetoftax": 1363000000
    },
    {
        "date": "2022-01-30",
        "symbol": "HPQ",
        "period": "Q1",
        "revenues": 17028000000,
        "costofrevenue": 13643000000,
        "researchanddevelopmentexpense": 418000000,
        "sellinggeneralandadministrativeexpense": 1468000000,
        "restructuringandothercharges": 68000000,
        "businesscombinationacquisitionrelatedcosts": 20000000,
        "amortizationofintangibleassets": 52000000,
        "costsandexpenses": 15669000000,
        "operatingincomeloss": 1359000000,
        "nonoperatingincomeexpense": -32000000,
        "incomelossfromcontinuingoperationsbeforeincometaxesextraordinaryitemsnoncontrollinginterest": 1327000000,
        "incometaxexpensebenefit": 241000000,
        "netincomeloss": 1086000000,
        "earningspersharebasic": 1,
        "earningspersharediluted": 0.99,
        "weightedaveragenumberofsharesoutstandingbasic": 1081000000,
        "weightedaveragenumberofdilutedsharesoutstanding": 1094000000,
        "othercomprehensiveincomeunrealizedholdinggainlossonsecuritiesarisingduringperiodbeforetax": -2000000,
        "othercomprehensiveincomelosscashflowhedgegainlossbeforereclassificationandtax": 299000000,
        "othercomprehensiveincomelosscashflowhedgegainlossreclassificationbeforetax": 44000000,
        "othercomprehensiveincomelosscashflowhedgegainlossafterreclassificationbeforetax": 255000000,
        "othercomprehensiveincomelosspensionandotherpostretirementbenefitplansnetunamortizedgainlossarisingduringperiodbeforetax": 21000000,
        "othercomprehensiveincomedefinedbenefitplannetpriorservicecostcreditarisingduringperiodbeforetax": -6000000,
        "othercomprehensiveincomelosspensionandotherpostretirementbenefitplansadjustmentbeforetax": -27000000,
        "othercomprehensiveincomelossforeigncurrencytransactionandtranslationadjustmentbeforetax": -10000000,
        "othercomprehensiveincomelossbeforetaxportionattributabletoparent": 270000000,
        "othercomprehensiveincomelosstaxportionattributabletoparent1": 26000000,
        "othercomprehensiveincomelossnetoftaxportionattributabletoparent": 244000000,
        "comprehensiveincomenetoftax": 1330000000
    },
    {
        "date": "2021-10-30",
        "symbol": "HPQ",
        "period": "Q4",
        "revenues": 28685000000,
        "costofrevenue": 13410000000,
        "researchanddevelopmentexpense": 445000000,
        "sellinggeneralandadministrativeexpense": 1474000000,
        "restructuringandothercharges": 29000000,
        "businesscombinationacquisitionrelatedcosts": 28000000,
        "amortizationofintangibleassets": 51000000,
        "costsandexpenses": 15437000000,
        "operatingincomeloss": 1344000000,
        "nonoperatingincomeexpense": 2315000000,
        "incomelossfromcontinuingoperationsbeforeincometaxesextraordinaryitemsnoncontrollinginterest": 3553000000,
        "incometaxexpensebenefit": 454000000,
        "netincomeloss": 3099000000,
        "earningspersharebasic": 2.62,
        "earningspersharediluted": 2.6,
        "weightedaveragenumberofsharesoutstandingbasic": -27000000,
        "weightedaveragenumberofdilutedsharesoutstanding": -27000000,
        "othercomprehensiveincomelosscashflowhedgegainlossbeforereclassificationandtax": -98000000,
        "othercomprehensiveincomelosscashflowhedgegainlossreclassificationbeforetax": 19000000,
        "othercomprehensiveincomelosscashflowhedgegainlossafterreclassificationbeforetax": 103000000,
        "othercomprehensiveincomelosspensionandotherpostretirementbenefitplansnetunamortizedgainlossarisingduringperiodbeforetax": 968000000,
        "othercomprehensiveincomedefinedbenefitplannetpriorservicecostcreditarisingduringperiodbeforetax": -18000000,
        "othercomprehensiveincomelosspensionandotherpostretirementbenefitplansadjustmentbeforetax": -949000000,
        "othercomprehensiveincomelossbeforetaxportionattributabletoparent": 1045000000,
        "othercomprehensiveincomelosstaxportionattributabletoparent1": 202000000,
        "othercomprehensiveincomelossnetoftaxportionattributabletoparent": 1045000000,
        "comprehensiveincomenetoftax": 3972000000
    },
    {
        "date": "2021-07-30",
        "symbol": "HPQ",
        "period": "Q3",
        "revenues": 3279000000,
        "costofrevenue": 11901000000,
        "researchanddevelopmentexpense": 477000000,
        "sellinggeneralandadministrativeexpense": 1408000000,
        "restructuringandothercharges": 56000000,
        "businesscombinationacquisitionrelatedcosts": 24000000,
        "amortizationofintangibleassets": 42000000,
        "costsandexpenses": 13908000000,
        "operatingincomeloss": 1275000000,
        "nonoperatingincomeexpense": -55000000,
        "incomelossfromcontinuingoperationsbeforeincometaxesextraordinaryitemsnoncontrollinginterest": 1326000000,
        "incometaxexpensebenefit": 218000000,
        "netincomeloss": 1108000000,
        "earningspersharebasic": 0.9399999999999996,
        "earningspersharediluted": 0.92,
        "weightedaveragenumberofsharesoutstandingbasic": -25000000,
        "weightedaveragenumberofdilutedsharesoutstanding": -23000000,
        "othercomprehensiveincomelosscashflowhedgegainlossbeforereclassificationandtax": 353000000,
        "othercomprehensiveincomelosscashflowhedgegainlossreclassificationbeforetax": -64000000,
        "othercomprehensiveincomelosscashflowhedgegainlossafterreclassificationbeforetax": 197000000,
        "othercomprehensiveincomelosspensionandotherpostretirementbenefitplansnetunamortizedgainlossarisingduringperiodbeforetax": -1000000,
        "othercomprehensiveincomedefinedbenefitplannetpriorservicecostcreditarisingduringperiodbeforetax": -20000000,
        "othercomprehensiveincomelosspensionandotherpostretirementbenefitplansadjustmentbeforetax": -19000000,
        "othercomprehensiveincomelossforeigncurrencytransactionandtranslationadjustmentbeforetax": 2000000,
        "othercomprehensiveincomelossbeforetaxportionattributabletoparent": 219000000,
        "othercomprehensiveincomelosstaxportionattributabletoparent1": 2000000,
        "othercomprehensiveincomelossnetoftaxportionattributabletoparent": 15000000,
        "comprehensiveincomenetoftax": 1295000000
    },
    {
        "date": "2021-04-29",
        "symbol": "HPQ",
        "period": "Q2",
        "revenues": 15877000000,
        "costofrevenue": 12437000000,
        "researchanddevelopmentexpense": 514000000,
        "sellinggeneralandadministrativeexpense": 1483000000,
        "restructuringandothercharges": 39000000,
        "businesscombinationacquisitionrelatedcosts": 10000000,
        "amortizationofintangibleassets": 32000000,
        "costsandexpenses": 14515000000,
        "operatingincomeloss": 1362000000,
        "nonoperatingincomeexpense": -26000000,
        "incomelossfromcontinuingoperationsbeforeincometaxesextraordinaryitemsnoncontrollinginterest": 1336000000,
        "incometaxexpensebenefit": 108000000,
        "netincomeloss": 1228000000,
        "earningspersharebasic": 0.9900000000000001,
        "earningspersharediluted": 0.9800000000000001,
        "weightedaveragenumberofsharesoutstandingbasic": -25000000,
        "weightedaveragenumberofdilutedsharesoutstanding": -23000000,
        "othercomprehensiveincomeunrealizedholdinggainlossonsecuritiesarisingduringperiodbeforetax": 0,
        "othercomprehensiveincomelosscashflowhedgegainlossbeforereclassificationandtax": -21000000,
        "othercomprehensiveincomelosscashflowhedgegainlossreclassificationbeforetax": -149000000,
        "othercomprehensiveincomelosscashflowhedgegainlossafterreclassificationbeforetax": 128000000,
        "othercomprehensiveincomelosspensionandotherpostretirementbenefitplansnetunamortizedgainlossarisingduringperiodbeforetax": 42000000,
        "othercomprehensiveincomedefinedbenefitplannetpriorservicecostcreditarisingduringperiodbeforetax": -21000000,
        "othercomprehensiveincomelossfinalizationofpensionandnonpensionpostretirementplanvaluationbeforetax": 0,
        "othercomprehensiveincomelosspensionandotherpostretirementbenefitplansadjustmentbeforetax": -63000000,
        "othercomprehensiveincomelossforeigncurrencytransactionandtranslationadjustmentbeforetax": 3000000,
        "othercomprehensiveincomelossbeforetaxportionattributabletoparent": 194000000,
        "othercomprehensiveincomelosstaxportionattributabletoparent1": 41000000,
        "othercomprehensiveincomelossnetoftaxportionattributabletoparent": 153000000,
        "comprehensiveincomenetoftax": 1381000000
    },
    {
        "date": "2021-01-30",
        "symbol": "HPQ",
        "period": "Q1",
        "revenues": 15646000000,
        "costofrevenue": 12322000000,
        "researchanddevelopmentexpense": 471000000,
        "sellinggeneralandadministrativeexpense": 1376000000,
        "restructuringandothercharges": 121000000,
        "businesscombinationacquisitionrelatedcosts": 6000000,
        "amortizationofintangibleassets": 29000000,
        "costsandexpenses": 14325000000,
        "operatingincomeloss": 1321000000,
        "nonoperatingincomeexpense": -25000000,
        "incomelossfromcontinuingoperationsbeforeincometaxesextraordinaryitemsnoncontrollinginterest": 1296000000,
        "incometaxexpensebenefit": 228000000,
        "netincomeloss": 1068000000,
        "earningspersharebasic": 0.83,
        "earningspersharediluted": 0.83,
        "weightedaveragenumberofsharesoutstandingbasic": 1285000000,
        "weightedaveragenumberofdilutedsharesoutstanding": 1293000000,
        "othercomprehensiveincomeunrealizedholdinggainlossonsecuritiesarisingduringperiodbeforetax": 4000000,
        "othercomprehensiveincomelosscashflowhedgegainlossbeforereclassificationandtax": -366000000,
        "othercomprehensiveincomelosscashflowhedgegainlossreclassificationbeforetax": -49000000,
        "othercomprehensiveincomelosscashflowhedgegainlossafterreclassificationbeforetax": -317000000,
        "othercomprehensiveincomelosspensionandotherpostretirementbenefitplansnetunamortizedgainlossarisingduringperiodbeforetax": -1000000,
        "othercomprehensiveincomedefinedbenefitplannetpriorservicecostcreditarisingduringperiodbeforetax": -21000000,
        "othercomprehensiveincomelossfinalizationofpensionandnonpensionpostretirementplanvaluationbeforetax": 1000000,
        "othercomprehensiveincomelosspensionandotherpostretirementbenefitplansadjustmentbeforetax": -21000000,
        "othercomprehensiveincomelossforeigncurrencytransactionandtranslationadjustmentbeforetax": 30000000,
        "othercomprehensiveincomelossbeforetaxportionattributabletoparent": -262000000,
        "othercomprehensiveincomelosstaxportionattributabletoparent1": -32000000,
        "othercomprehensiveincomelossnetoftaxportionattributabletoparent": -230000000,
        "comprehensiveincomenetoftax": 838000000
    },
    {
        "date": "2020-10-30",
        "symbol": "HPQ",
        "period": "Q4",
        "revenues": 15258000000,
        "costofrevenue": 12579000000,
        "researchanddevelopmentexpense": 381000000,
        "sellinggeneralandadministrativeexpense": 1244000000,
        "restructuringandothercharges": 31000000,
        "amortizationofintangibleassets": 29000000,
        "costsandexpenses": 14266000000,
        "operatingincomeloss": 992000000,
        "incomelossfromcontinuingoperationsbeforeincometaxesextraordinaryitemsnoncontrollinginterest": 776000000,
        "incometaxexpensebenefit": 108000000,
        "netincomeloss": 668000000,
        "earningspersharebasic": 0.48999999999999977,
        "earningspersharediluted": 0.48999999999999994,
        "weightedaveragenumberofsharesoutstandingbasic": -1448000000,
        "weightedaveragenumberofdilutedsharesoutstanding": -1453000000,
        "othercomprehensiveincomeunrealizedholdinggainlossonsecuritiesarisingduringperiodbeforetax": 1000000,
        "othercomprehensiveincomelossavailableforsalesecuritiesadjustmentbeforetax": 1000000,
        "othercomprehensiveincomelosscashflowhedgegainlossbeforereclassificationandtax": 71000000,
        "othercomprehensiveincomelosscashflowhedgegainlossreclassificationbeforetax": -157000000,
        "othercomprehensiveincomelosscashflowhedgegainlossafterreclassificationbeforetax": 228000000,
        "othercomprehensiveincomedefinedbenefitplannetpriorservicecostcreditarisingduringperiodbeforetax": -22000000,
        "othercomprehensiveincomelosspensionandotherpostretirementbenefitplansadjustmentbeforetax": -211000000,
        "othercomprehensiveincomelossbeforetaxportionattributabletoparent": 432000000,
        "othercomprehensiveincomelosstaxportionattributabletoparent1": 70000000,
        "othercomprehensiveincomelossnetoftaxportionattributabletoparent": 362000000,
        "comprehensiveincomenetoftax": 1030000000
    },
    {
        "date": "2020-07-30",
        "symbol": "HPQ",
        "period": "Q3",
        "revenues": 14294000000,
        "costofrevenue": 11901000000,
        "researchanddevelopmentexpense": 359000000,
        "sellinggeneralandadministrativeexpense": 1156000000,
        "restructuringandothercharges": 59000000,
        "businesscombinationacquisitionrelatedcosts": 11000000,
        "amortizationofintangibleassets": 29000000,
        "costsandexpenses": 13515000000,
        "operatingincomeloss": 779000000,
        "nonoperatingincomeexpense": -28000000,
        "incomelossfromcontinuingoperationsbeforeincometaxesextraordinaryitemsnoncontrollinginterest": 751000000,
        "incometaxexpensebenefit": 17000000,
        "netincomeloss": 734000000,
        "earningspersharebasic": 0.52,
        "earningspersharediluted": 0.52,
        "weightedaveragenumberofsharesoutstandingbasic": 1417000000,
        "weightedaveragenumberofdilutedsharesoutstanding": 1423000000,
        "othercomprehensiveincomeunrealizedholdinggainlossonsecuritiesarisingduringperiodbeforetax": 2000000,
        "othercomprehensiveincomelossavailableforsalesecuritiesadjustmentbeforetax": 2000000,
        "othercomprehensiveincomelosscashflowhedgegainlossbeforereclassificationandtax": -563000000,
        "othercomprehensiveincomelosscashflowhedgegainlossreclassificationbeforetax": 130000000,
        "othercomprehensiveincomelosscashflowhedgegainlossafterreclassificationbeforetax": -693000000,
        "othercomprehensiveincomelosspensionandotherpostretirementbenefitplansnetunamortizedgainlossarisingduringperiodbeforetax": -5000000,
        "othercomprehensiveincomedefinedbenefitplannetpriorservicecostcreditarisingduringperiodbeforetax": -20000000,
        "othercomprehensiveincomelossfinalizationofpensionandnonpensionpostretirementplanvaluationbeforetax": 2000000,
        "othercomprehensiveincomelosspensionandotherpostretirementbenefitplansadjustmentbeforetax": -17000000,
        "othercomprehensiveincomelossforeigncurrencytransactionandtranslationadjustmentbeforetax": 15000000,
        "othercomprehensiveincomelossbeforetaxportionattributabletoparent": -659000000,
        "othercomprehensiveincomelosstaxportionattributabletoparent1": -104000000,
        "othercomprehensiveincomelossnetoftaxportionattributabletoparent": -555000000,
        "comprehensiveincomenetoftax": 179000000
    },
    {
        "date": "2020-04-29",
        "symbol": "HPQ",
        "period": "Q2",
        "netincomeloss": 764000000,
        "othercomprehensiveincomeunrealizedholdinggainlossonsecuritiesarisingduringperiodbeforetax": -2000000,
        "othercomprehensiveincomelossavailableforsalesecuritiesadjustmentbeforetax": -2000000,
        "othercomprehensiveincomelosscashflowhedgegainlossbeforereclassificationandtax": 231000000,
        "othercomprehensiveincomelosscashflowhedgegainlossreclassificationbeforetax": 53000000,
        "othercomprehensiveincomelosscashflowhedgegainlossafterreclassificationbeforetax": 178000000,
        "othercomprehensiveincomedefinedbenefitplannetpriorservicecostcreditarisingduringperiodbeforetax": -21000000,
        "othercomprehensiveincomelosspensionandotherpostretirementbenefitplansadjustmentbeforetax": -21000000,
        "othercomprehensiveincomelossforeigncurrencytransactionandtranslationadjustmentbeforetax": -17000000,
        "othercomprehensiveincomelossbeforetaxportionattributabletoparent": 180000000,
        "othercomprehensiveincomelosstaxportionattributabletoparent1": 22000000,
        "othercomprehensiveincomelossnetoftaxportionattributabletoparent": 158000000,
        "comprehensiveincomenetoftax": 922000000,
        "revenues": 12469000000,
        "costofrevenue": 9976000000,
        "researchanddevelopmentexpense": 338000000,
        "sellinggeneralandadministrativeexpense": 1216000000,
        "restructuringandothercharges": 81000000,
        "amortizationofintangibleassets": 29000000,
        "costsandexpenses": 11643000000,
        "operatingincomeloss": 826000000,
        "nonoperatingincomeexpense": 0,
        "incomelossfromcontinuingoperationsbeforeincometaxesextraordinaryitemsnoncontrollinginterest": 826000000,
        "incometaxexpensebenefit": 62000000,
        "earningspersharebasic": 0.53,
        "earningspersharediluted": 0.53,
        "weightedaveragenumberofsharesoutstandingbasic": -10000000,
        "weightedaveragenumberofdilutedsharesoutstanding": -10000000
    },
    {
        "date": "2020-01-30",
        "symbol": "HPQ",
        "period": "Q1",
        "netincomeloss": 678000000,
        "othercomprehensiveincomeunrealizedholdinggainlossonsecuritiesarisingduringperiodbeforetax": 1000000,
        "othercomprehensiveincomelossavailableforsalesecuritiesadjustmentbeforetax": 1000000,
        "othercomprehensiveincomelosscashflowhedgegainlossbeforereclassificationandtax": 60000000,
        "othercomprehensiveincomelosscashflowhedgegainlossreclassificationbeforetax": 59000000,
        "othercomprehensiveincomelosscashflowhedgegainlossafterreclassificationbeforetax": 1000000,
        "othercomprehensiveincomedefinedbenefitplannetpriorservicecostcreditarisingduringperiodbeforetax": -20000000,
        "othercomprehensiveincomelosspensionandotherpostretirementbenefitplansadjustmentbeforetax": -20000000,
        "othercomprehensiveincomelossforeigncurrencytransactionandtranslationadjustmentbeforetax": 6000000,
        "othercomprehensiveincomelossbeforetaxportionattributabletoparent": 28000000,
        "othercomprehensiveincomelosstaxportionattributabletoparent1": 11000000,
        "othercomprehensiveincomelossnetoftaxportionattributabletoparent": 17000000,
        "comprehensiveincomenetoftax": 695000000,
        "revenues": 14618000000,
        "costofrevenue": 11746000000,
        "researchanddevelopmentexpense": 400000000,
        "sellinggeneralandadministrativeexpense": 1290000000,
        "restructuringandothercharges": 291000000,
        "amortizationofintangibleassets": 26000000,
        "costsandexpenses": 13753000000,
        "operatingincomeloss": 865000000,
        "nonoperatingincomeexpense": 13000000,
        "incomelossfromcontinuingoperationsbeforeincometaxesextraordinaryitemsnoncontrollinginterest": 878000000,
        "incometaxexpensebenefit": 200000000,
        "earningspersharebasic": 0.47,
        "earningspersharediluted": 0.46,
        "weightedaveragenumberofsharesoutstandingbasic": 1454000000,
        "weightedaveragenumberofdilutedsharesoutstanding": 1460000000
    },
    {
        "date": "2019-10-30",
        "symbol": "HPQ",
        "period": "Q4",
        "netincomeloss": 388000000,
        "othercomprehensiveincomeunrealizedgainlossonderivativesarisingduringperiodbeforetax": -19000000,
        "othercomprehensiveincomelossreclassificationadjustmentfromaocionderivativesbeforetax": 121000000,
        "othercomprehensiveincomelossderivativesqualifyingashedgesbeforetax": -140000000,
        "othercomprehensiveincomedefinedbenefitplannetpriorservicecostcreditarisingduringperiodbeforetax": -9000000,
        "othercomprehensiveincomelossfinalizationofpensionandnonpensionpostretirementplanvaluationbeforetax": 2000000,
        "othercomprehensiveincomelosspensionandotherpostretirementbenefitplansadjustmentbeforetax": 272000000,
        "othercomprehensiveincomelossbeforetaxportionattributabletoparent": -385000000,
        "othercomprehensiveincomelosstaxportionattributabletoparent1": -23000000,
        "othercomprehensiveincomelossnetoftaxportionattributabletoparent": -362000000,
        "comprehensiveincomenetoftax": 26000000,
        "revenues": 15407000000,
        "costofrevenue": 12483000000,
        "researchanddevelopmentexpense": 389000000,
        "sellinggeneralandadministrativeexpense": 1405000000,
        "restructuringandothercharges": 134000000,
        "businesscombinationacquisitionrelatedcosts": 23000000,
        "amortizationofintangibleassets": 29000000,
        "costsandexpenses": 14463000000,
        "operatingincomeloss": 944000000,
        "nonoperatingincomeexpense": 669000000,
        "incomelossfromcontinuingoperationsbeforeincometaxesextraordinaryitemsnoncontrollinginterest": 492000000,
        "incometaxexpensebenefit": 104000000,
        "earningspersharebasic": 0.27,
        "earningspersharediluted": 0.2699999999999998,
        "weightedaveragenumberofsharesoutstandingbasic": -13000000,
        "weightedaveragenumberofdilutedsharesoutstanding": -13000000
    },
    {
        "date": "2019-07-30",
        "symbol": "HPQ",
        "period": "Q3",
        "netincomeloss": 1179000000,
        "othercomprehensiveincomeunrealizedgainlossonderivativesarisingduringperiodbeforetax": -26000000,
        "othercomprehensiveincomelossreclassificationadjustmentfromaocionderivativesbeforetax": 86000000,
        "othercomprehensiveincomelossderivativesqualifyingashedgesbeforetax": 94000000,
        "othercomprehensiveincomedefinedbenefitplannetpriorservicecostcreditarisingduringperiodbeforetax": -11000000,
        "othercomprehensiveincomelossfinalizationofpensionandnonpensionpostretirementplanvaluationbeforetax": 41000000,
        "othercomprehensiveincomelosspensionandotherpostretirementbenefitplansadjustmentbeforetax": -36000000,
        "othercomprehensiveincomelossforeigncurrencytransactionandtranslationadjustmentbeforetax": -28000000,
        "othercomprehensiveincomelossbeforetaxportionattributabletoparent": 100000000,
        "othercomprehensiveincomelosstaxportionattributabletoparent1": 63000000,
        "othercomprehensiveincomelossnetoftaxportionattributabletoparent": -21000000,
        "comprehensiveincomenetoftax": 1216000000,
        "revenues": 14651000000,
        "costofrevenue": 11698000000,
        "researchanddevelopmentexpense": 413000000,
        "sellinggeneralandadministrativeexpense": 1376000000,
        "restructuringandothercharges": 17000000,
        "businesscombinationacquisitionrelatedcosts": -9000000,
        "amortizationofintangibleassets": 29000000,
        "costsandexpenses": 13524000000,
        "operatingincomeloss": 1127000000,
        "nonoperatingincomeexpense": -831000000,
        "incomelossfromcontinuingoperationsbeforeincometaxesextraordinaryitemsnoncontrollinginterest": 296000000,
        "incometaxexpensebenefit": -922000000,
        "earningspersharebasic": 0.78,
        "earningspersharediluted": 0.78,
        "weightedaveragenumberofsharesoutstandingbasic": -15000000,
        "weightedaveragenumberofdilutedsharesoutstanding": -14000000
    },
    {
        "date": "2019-04-29",
        "symbol": "HPQ",
        "period": "Q2",
        "netincomeloss": 782000000,
        "othercomprehensiveincomeunrealizedgainlossonderivativesarisingduringperiodbeforetax": 404000000,
        "othercomprehensiveincomelossreclassificationadjustmentfromaocionderivativesbeforetax": -6000000,
        "othercomprehensiveincomelossderivativesqualifyingashedgesbeforetax": 204000000,
        "othercomprehensiveincomedefinedbenefitplannetpriorservicecostcreditarisingduringperiodbeforetax": -12000000,
        "othercomprehensiveincomelossfinalizationofpensionandnonpensionpostretirementplanvaluationbeforetax": 1000000,
        "othercomprehensiveincomelosspensionandotherpostretirementbenefitplansadjustmentbeforetax": -9000000,
        "othercomprehensiveincomelossforeigncurrencytransactionandtranslationadjustmentbeforetax": 11000000,
        "othercomprehensiveincomelossbeforetaxportionattributabletoparent": 229000000,
        "othercomprehensiveincomelosstaxportionattributabletoparent1": 42000000,
        "othercomprehensiveincomelossnetoftaxportionattributabletoparent": 8000000,
        "comprehensiveincomenetoftax": 969000000,
        "revenues": 14024000000,
        "costofrevenue": 11307000000,
        "researchanddevelopmentexpense": 353000000,
        "sellinggeneralandadministrativeexpense": 1339000000,
        "restructuringandothercharges": 69000000,
        "businesscombinationacquisitionrelatedcosts": 11000000,
        "amortizationofintangibleassets": 29000000,
        "costsandexpenses": 13108000000,
        "operatingincomeloss": 916000000,
        "nonoperatingincomeexpense": -45000000,
        "incomelossfromcontinuingoperationsbeforeincometaxesextraordinaryitemsnoncontrollinginterest": 871000000,
        "incometaxexpensebenefit": 99000000,
        "earningspersharebasic": 0.51,
        "earningspersharediluted": 0.51,
        "commonstockdividendspersharedeclared": 0,
        "weightedaveragenumberofsharesoutstandingbasic": -13000000,
        "weightedaveragenumberofdilutedsharesoutstanding": -16000000
    },
    {
        "date": "2019-01-30",
        "symbol": "HPQ",
        "period": "Q1",
        "netincomeloss": 803000000,
        "othercomprehensiveincomeunrealizedgainlossonderivativesarisingduringperiodbeforetax": -107000000,
        "othercomprehensiveincomelossreclassificationadjustmentfromaocionderivativesbeforetax": 179000000,
        "othercomprehensiveincomelossderivativesqualifyingashedgesbeforetax": -286000000,
        "othercomprehensiveincomedefinedbenefitplannetpriorservicecostcreditarisingduringperiodbeforetax": -11000000,
        "othercomprehensiveincomelossfinalizationofpensionandnonpensionpostretirementplanvaluationbeforetax": -2000000,
        "othercomprehensiveincomelosspensionandotherpostretirementbenefitplansadjustmentbeforetax": -9000000,
        "othercomprehensiveincomelossforeigncurrencytransactionandtranslationadjustmentbeforetax": -5000000,
        "othercomprehensiveincomelossbeforetaxportionattributabletoparent": -282000000,
        "othercomprehensiveincomelosstaxportionattributabletoparent1": -40000000,
        "othercomprehensiveincomelossnetoftaxportionattributabletoparent": -5000000,
        "comprehensiveincomenetoftax": 561000000,
        "revenues": 14674000000,
        "costofrevenue": 12098000000,
        "researchanddevelopmentexpense": 344000000,
        "sellinggeneralandadministrativeexpense": 1248000000,
        "restructuringandothercharges": 55000000,
        "businesscombinationacquisitionrelatedcosts": 10000000,
        "amortizationofintangibleassets": 29000000,
        "costsandexpenses": 13784000000,
        "operatingincomeloss": 890000000,
        "nonoperatingincomeexpense": -26000000,
        "incomelossfromcontinuingoperationsbeforeincometaxesextraordinaryitemsnoncontrollinginterest": 864000000,
        "incometaxexpensebenefit": 90000000,
        "earningspersharebasic": 0.52,
        "earningspersharediluted": 0.51,
        "commonstockdividendspersharedeclared": 0.32,
        "weightedaveragenumberofsharesoutstandingbasic": 1556000000,
        "weightedaveragenumberofdilutedsharesoutstanding": 1567000000
    },
    {
        "date": "2018-10-30",
        "symbol": "HPQ",
        "period": "Q4",
        "netincomeloss": 4964000000,
        "othercomprehensiveincomeunrealizedholdinggainlossonsecuritiesarisingduringperiodbeforetax": 0,
        "othercomprehensiveincomelossavailableforsalesecuritiesadjustmentbeforetax": 0,
        "othercomprehensiveincomeunrealizedgainlossonderivativesarisingduringperiodbeforetax": 322000000,
        "othercomprehensiveincomelossreclassificationadjustmentfromaocionderivativesbeforetax": 105000000,
        "othercomprehensiveincomelossderivativesqualifyingashedgesbeforetax": 217000000,
        "othercomprehensiveincomedefinedbenefitplannetpriorservicecostcreditarisingduringperiodbeforetax": -12000000,
        "othercomprehensiveincomelosspensionandotherpostretirementbenefitplansadjustmentbeforetax": -22000000,
        "othercomprehensiveincomelossbeforetaxportionattributabletoparent": 239000000,
        "othercomprehensiveincomelosstaxportionattributabletoparent1": 45000000,
        "othercomprehensiveincomelossnetoftaxportionattributabletoparent": 0,
        "comprehensiveincomenetoftax": 1645000000,
        "revenues": 37521000000,
        "costofrevenue": 47789000000,
        "researchanddevelopmentexpense": 354000000,
        "sellinggeneralandadministrativeexpense": 1203000000,
        "restructuringandothercharges": 40000000,
        "businesscombinationacquisitionrelatedcosts": 26000000,
        "amortizationofintangibleassets": 20000000,
        "costsandexpenses": 14319000000,
        "operatingincomeloss": 851000000,
        "nonoperatingincomeexpense": -40000000,
        "incomelossfromcontinuingoperationsbeforeincometaxesextraordinaryitemsnoncontrollinginterest": 1007000000,
        "incometaxexpensebenefit": -444000000,
        "earningspersharebasic": 0.9199999999999999,
        "earningspersharediluted": 0.8999999999999997,
        "weightedaveragenumberofsharesoutstandingbasic": -12000000,
        "weightedaveragenumberofdilutedsharesoutstanding": -11000000
    },
    {
        "date": "2018-07-30",
        "symbol": "HPQ",
        "period": "Q3",
        "netincomeloss": 17000000,
        "othercomprehensiveincomeunrealizedholdinggainlossonsecuritiesarisingduringperiodbeforetax": 2000000,
        "othercomprehensiveincomelossavailableforsalesecuritiesadjustmentbeforetax": 2000000,
        "othercomprehensiveincomeunrealizedgainlossonderivativesarisingduringperiodbeforetax": 273000000,
        "othercomprehensiveincomelossreclassificationadjustmentfromaocionderivativesbeforetax": -17000000,
        "othercomprehensiveincomelossderivativesqualifyingashedgesbeforetax": 290000000,
        "othercomprehensiveincomedefinedbenefitplannetpriorservicecostcreditarisingduringperiodbeforetax": -11000000,
        "othercomprehensiveincomelosspensionandotherpostretirementbenefitplansadjustmentbeforetax": -14000000,
        "othercomprehensiveincomelossbeforetaxportionattributabletoparent": 306000000,
        "othercomprehensiveincomelosstaxportionattributabletoparent1": 31000000,
        "othercomprehensiveincomelossnetoftaxportionattributabletoparent": 2000000,
        "comprehensiveincomenetoftax": 1155000000,
        "revenues": 20000000,
        "costofrevenue": -4000000,
        "researchanddevelopmentexpense": 347000000,
        "sellinggeneralandadministrativeexpense": 1227000000,
        "restructuringandothercharges": 4000000,
        "businesscombinationacquisitionrelatedcosts": 10000000,
        "amortizationofintangibleassets": 20000000,
        "costsandexpenses": 13506000000,
        "operatingincomeloss": 832000000,
        "nonoperatingincomeexpense": -62000000,
        "incomelossfromcontinuingoperationsbeforeincometaxesextraordinaryitemsnoncontrollinginterest": 1018000000,
        "incometaxexpensebenefit": 138000000,
        "earningspersharebasic": 0.5499999999999998,
        "earningspersharediluted": 0.5499999999999998,
        "weightedaveragenumberofsharesoutstandingbasic": -13000000,
        "weightedaveragenumberofdilutedsharesoutstanding": -13000000
    },
    {
        "date": "2018-04-29",
        "symbol": "HPQ",
        "period": "Q2",
        "netincomeloss": -1592000000,
        "othercomprehensiveincomeunrealizedholdinggainlossonsecuritiesarisingduringperiodbeforetax": -2000000,
        "othercomprehensiveincomelossreclassificationadjustmentfromaociforsaleofsecuritiesbeforetax": 0,
        "othercomprehensiveincomelossavailableforsalesecuritiesadjustmentbeforetax": -2000000,
        "othercomprehensiveincomeunrealizedgainlossonderivativesarisingduringperiodbeforetax": 297000000,
        "othercomprehensiveincomelossreclassificationadjustmentfromaocionderivativesbeforetax": -276000000,
        "othercomprehensiveincomelossderivativesqualifyingashedgesbeforetax": 573000000,
        "othercomprehensiveincomedefinedbenefitplannetpriorservicecostcreditarisingduringperiodbeforetax": -13000000,
        "othercomprehensiveincomelossfinalizationofpensionandnonpensionpostretirementplanvaluationbeforetax": 0,
        "othercomprehensiveincomelosspensionandotherpostretirementbenefitplansadjustmentbeforetax": -13000000,
        "othercomprehensiveincomelossbeforetaxportionattributabletoparent": 584000000,
        "othercomprehensiveincomelosstaxportionattributabletoparent1": 69000000,
        "othercomprehensiveincomelossnetoftaxportionattributabletoparent": 402000000,
        "comprehensiveincomenetoftax": 1573000000,
        "revenues": -14188000000,
        "costofrevenue": -11917000000,
        "researchanddevelopmentexpense": 356000000,
        "sellinggeneralandadministrativeexpense": 1260000000,
        "restructuringandothercharges": 57000000,
        "businesscombinationacquisitionrelatedcosts": 45000000,
        "amortizationofintangibleassets": 20000000,
        "costsandexpenses": 13039000000,
        "operatingincomeloss": 667000000,
        "nonoperatingincomeexpense": -881000000,
        "incomelossfromcontinuingoperationsbeforeincometaxesextraordinaryitemsnoncontrollinginterest": 83000000,
        "incometaxexpensebenefit": -975000000,
        "earningspersharebasic": 0.6600000000000001,
        "earningspersharediluted": 0.6500000000000001,
        "commonstockdividendspersharedeclared": 0,
        "weightedaveragenumberofsharesoutstandingbasic": -10000000,
        "weightedaveragenumberofdilutedsharesoutstanding": -11000000
    },
    {
        "date": "2018-01-30",
        "symbol": "HPQ",
        "period": "Q1",
        "netincomeloss": 1938000000,
        "othercomprehensiveincomeunrealizedholdinggainlossonsecuritiesarisingduringperiodbeforetax": -3000000,
        "othercomprehensiveincomelossreclassificationadjustmentfromaociforsaleofsecuritiesbeforetax": 5000000,
        "othercomprehensiveincomelossavailableforsalesecuritiesadjustmentbeforetax": -8000000,
        "othercomprehensiveincomeunrealizedgainlossonderivativesarisingduringperiodbeforetax": -551000000,
        "othercomprehensiveincomelossreclassificationadjustmentfromaocionderivativesbeforetax": -70000000,
        "othercomprehensiveincomelossderivativesqualifyingashedgesbeforetax": -481000000,
        "othercomprehensiveincomedefinedbenefitplannetpriorservicecostcreditarisingduringperiodbeforetax": -12000000,
        "othercomprehensiveincomelossfinalizationofpensionandnonpensionpostretirementplanvaluationbeforetax": 1000000,
        "othercomprehensiveincomelosspensionandotherpostretirementbenefitplansadjustmentbeforetax": -13000000,
        "othercomprehensiveincomelossbeforetaxportionattributabletoparent": -476000000,
        "othercomprehensiveincomelosstaxportionattributabletoparent1": -65000000,
        "othercomprehensiveincomelossnetoftaxportionattributabletoparent": -411000000,
        "comprehensiveincomenetoftax": 1527000000,
        "revenues": 14517000000,
        "costofrevenue": 11935000000,
        "researchanddevelopmentexpense": 347000000,
        "sellinggeneralandadministrativeexpense": 1169000000,
        "restructuringandothercharges": 31000000,
        "businesscombinationacquisitionrelatedcosts": 42000000,
        "amortizationofintangibleassets": 20000000,
        "costsandexpenses": 13544000000,
        "operatingincomeloss": 973000000,
        "nonoperatingincomeexpense": -68000000,
        "incomelossfromcontinuingoperationsbeforeincometaxesextraordinaryitemsnoncontrollinginterest": 905000000,
        "incometaxexpensebenefit": -1033000000,
        "earningspersharebasic": 1.17,
        "earningspersharediluted": 1.16,
        "commonstockdividendspersharedeclared": 0.28,
        "weightedaveragenumberofsharesoutstandingbasic": 1650000000,
        "weightedaveragenumberofdilutedsharesoutstanding": 1669000000
    },
    {
        "date": "2017-07-30",
        "symbol": "HPQ",
        "period": "Q3",
        "netincomeloss": -136000000,
        "othercomprehensiveincomeunrealizedholdinggainlossonsecuritiesarisingduringperiodbeforetax": 1000000,
        "othercomprehensiveincomeunrealizedgainlossonderivativesarisingduringperiodbeforetax": -519000000,
        "othercomprehensiveincomelossreclassificationadjustmentfromaocionderivativesbeforetax": -38000000,
        "othercomprehensiveincomelossderivativesqualifyingashedgesbeforetax": -481000000,
        "othercomprehensiveincomedefinedbenefitplannetpriorservicecostcreditarisingduringperiodbeforetax": -19000000,
        "othercomprehensiveincomelossbeforetaxportionattributabletoparent": -461000000,
        "othercomprehensiveincomelosstaxportionattributabletoparent1": -57000000,
        "othercomprehensiveincomelossnetoftaxportionattributabletoparent": -420000000,
        "comprehensiveincomenetoftax": 292000000,
        "revenues": -204000000,
        "costofrevenue": 13000000,
        "researchanddevelopmentexpense": 289000000,
        "sellinggeneralandadministrativeexpense": 1096000000,
        "restructuringandothercharges": 46000000,
        "businesscombinationacquisitionrelatedcosts": 40000000,
        "costsandexpenses": 12105000000,
        "operatingincomeloss": 813000000,
        "nonoperatingincomeexpense": 18000000,
        "incomelossfromcontinuingoperationsbeforeincometaxesextraordinaryitemsnoncontrollinginterest": 899000000,
        "incometaxexpensebenefit": 203000000,
        "incomelossfromcontinuingoperations": 696000000,
        "incomelossfromcontinuingoperationsperbasicshare": 0.41000000000000014,
        "earningspersharebasic": 0.41000000000000014,
        "incomelossfromcontinuingoperationsperdilutedshare": 0.41000000000000003,
        "earningspersharediluted": 0.41000000000000003,
        "weightedaveragenumberofsharesoutstandingbasic": -2000000,
        "weightedaveragenumberofdilutedsharesoutstanding": -11000000
    },
    {
        "date": "2017-04-29",
        "symbol": "HPQ",
        "period": "Q2",
        "netincomeloss": -524000000,
        "othercomprehensiveincomeunrealizedholdinggainlossonsecuritiesarisingduringperiodbeforetax": 1000000,
        "othercomprehensiveincomeunrealizedgainlossonderivativesarisingduringperiodbeforetax": -70000000,
        "othercomprehensiveincomelossreclassificationadjustmentfromaocionderivativesbeforetax": 16000000,
        "othercomprehensiveincomelossderivativesqualifyingashedgesbeforetax": -86000000,
        "othercomprehensiveincomedefinedbenefitplannetpriorservicecostcreditarisingduringperiodbeforetax": -17000000,
        "othercomprehensiveincomelossbeforetaxportionattributabletoparent": -52000000,
        "othercomprehensiveincomelosstaxportionattributabletoparent1": -7000000,
        "othercomprehensiveincomelossnetoftaxportionattributabletoparent": -77000000,
        "comprehensiveincomenetoftax": 514000000,
        "revenues": -12569000000,
        "costofrevenue": -10417000000,
        "researchanddevelopmentexpense": 314000000,
        "sellinggeneralandadministrativeexpense": 1087000000,
        "restructuringandothercharges": 140000000,
        "businesscombinationacquisitionrelatedcosts": 20000000,
        "costsandexpenses": 11567000000,
        "operatingincomeloss": 685000000,
        "nonoperatingincomeexpense": -18000000,
        "incomelossfromcontinuingoperationsbeforeincometaxesextraordinaryitemsnoncontrollinginterest": 754000000,
        "incometaxexpensebenefit": 195000000,
        "incomelossfromcontinuingoperations": 559000000,
        "incomelossfromcontinuingoperationsperbasicshare": 0.32999999999999996,
        "earningspersharebasic": 0.32999999999999996,
        "incomelossfromcontinuingoperationsperdilutedshare": 0.32000000000000006,
        "earningspersharediluted": 0.32000000000000006,
        "commonstockdividendspersharedeclared": 0,
        "weightedaveragenumberofsharesoutstandingbasic": -8000000,
        "weightedaveragenumberofdilutedsharesoutstanding": -5000000
    },
    {
        "date": "2017-01-30",
        "symbol": "HPQ",
        "period": "Q1",
        "netincomeloss": 611000000,
        "othercomprehensiveincomeunrealizedholdinggainlossonsecuritiesarisingduringperiodbeforetax": 3000000,
        "othercomprehensiveincomeunrealizedgainlossonderivativesarisingduringperiodbeforetax": -169000000,
        "othercomprehensiveincomelossreclassificationadjustmentfromaocionderivativesbeforetax": 71000000,
        "othercomprehensiveincomelossderivativesqualifyingashedgesbeforetax": -240000000,
        "othercomprehensiveincomedefinedbenefitplannetpriorservicecostcreditarisingduringperiodbeforetax": -20000000,
        "othercomprehensiveincomelossbeforetaxportionattributabletoparent": -217000000,
        "othercomprehensiveincomelosstaxportionattributabletoparent1": 14000000,
        "othercomprehensiveincomelossnetoftaxportionattributabletoparent": -231000000,
        "comprehensiveincomenetoftax": 380000000,
        "revenues": 12684000000,
        "costofrevenue": 10436000000,
        "researchanddevelopmentexpense": 296000000,
        "sellinggeneralandadministrativeexpense": 1017000000,
        "restructuringandothercharges": 63000000,
        "businesscombinationacquisitionrelatedcosts": 16000000,
        "costsandexpenses": 11828000000,
        "operatingincomeloss": 856000000,
        "nonoperatingincomeexpense": 9000000,
        "incomelossfromcontinuingoperationsbeforeincometaxesextraordinaryitemsnoncontrollinginterest": 775000000,
        "incometaxexpensebenefit": 164000000,
        "incomelossfromcontinuingoperations": 611000000,
        "incomelossfromcontinuingoperationsperbasicshare": 0.36,
        "earningspersharebasic": 0.36,
        "incomelossfromcontinuingoperationsperdilutedshare": 0.36,
        "earningspersharediluted": 0.36,
        "commonstockdividendspersharedeclared": 0.27,
        "weightedaveragenumberofsharesoutstandingbasic": 1704000000,
        "weightedaveragenumberofdilutedsharesoutstanding": 1721000000
    },
    {
        "date": "2014-07-30",
        "symbol": "HPQ",
        "period": "Q3",
        "netincomelossavailabletocommonstockholdersbasic": 985000000,
        "othercomprehensiveincomeunrealizedgainlossonderivativesarisingduringperiodbeforetax": 134000000,
        "othercomprehensiveincomelossreclassificationadjustmentfromaocionderivativesbeforetax": -125000000,
        "othercomprehensiveincomederivativesqualifyingashedgesbeforetaxportionattributabletoparent": 259000000,
        "othercomprehensiveincomelossactuarialandpriorservicecostsnetperiodicbenefitcostbeforetax": -67000000,
        "othercomprehensiveincomelosspensionandotherpostretirementbenefitplansadjustmentbeforetax": -61000000,
        "othercomprehensiveincomeforeigncurrencytransactionandtranslationadjustmentbeforetaxportionattributabletoparent": -22000000,
        "othercomprehensiveincomelossbeforetaxportionattributabletoparent": 305000000,
        "othercomprehensiveincomelosstaxportionattributabletoparent1": 86000000,
        "othercomprehensiveincomelossnetoftaxportionattributabletoparent": 219000000,
        "comprehensiveincomenetoftax": 1204000000,
        "salesrevenuegoodsnet": 18190000000,
        "salesrevenueservicesnet": 9295000000,
        "capitalleasesincomestatementleaserevenue": 100000000,
        "revenues": -4431000000,
        "costofgoodssold": 13913000000,
        "costofservices": 6991000000,
        "financialservicescosts": 70000000,
        "researchanddevelopmentexpense": 887000000,
        "sellinggeneralandadministrativeexpense": 3388000000,
        "amortizationofintangibleassets": 227000000,
        "restructuringcharges": 649000000,
        "businesscombinationacquisitionrelatedcharges": 2000000,
        "costsandexpenses": 26127000000,
        "operatingincomeloss": 3158000000,
        "nonoperatingincomeexpense": -145000000,
        "incomelossbeforeincometax": 1313000000,
        "incometaxexpensebenefit": 328000000,
        "earningspersharebasic": 0.53,
        "earningspersharediluted": 0.53,
        "weightedaveragenumberofsharesoutstandingbasic": -9000000,
        "weightedaveragenumberofdilutedsharesoutstanding": -9000000
    },
    {
        "date": "2014-04-29",
        "symbol": "HPQ",
        "period": "Q2",
        "netincomelossavailabletocommonstockholdersbasic": 1273000000,
        "othercomprehensiveincomeunrealizedholdinggainlossonsecuritiesarisingduringperiodbeforetax": 0,
        "othercomprehensiveincomelossreclassificationadjustmentfromaociforsaleofsecuritiesbeforetax": 0,
        "othercomprehensiveincomelossavailableforsalesecuritiesadjustmentbeforetax": 0,
        "othercomprehensiveincomeunrealizedgainlossonderivativesarisingduringperiodbeforetax": -309000000,
        "othercomprehensiveincomelossreclassificationadjustmentfromaocionderivativesbeforetax": -101000000,
        "othercomprehensiveincomederivativesqualifyingashedgesbeforetaxportionattributabletoparent": -208000000,
        "othercomprehensiveincomelossactuarialandpriorservicecostsnetperiodicbenefitcostbeforetax": -66000000,
        "othercomprehensiveincomelosspensionandotherpostretirementbenefitplansadjustmentbeforetax": 5000000,
        "othercomprehensiveincomeforeigncurrencytransactionandtranslationadjustmentbeforetaxportionattributabletoparent": -17000000,
        "othercomprehensiveincomelossbeforetaxportionattributabletoparent": -230000000,
        "othercomprehensiveincomelosstaxportionattributabletoparent1": -68000000,
        "othercomprehensiveincomelossnetoftaxportionattributabletoparent": -162000000,
        "comprehensiveincomenetoftax": 1111000000,
        "salesrevenuegoodsnet": 17752000000,
        "salesrevenueservicesnet": 9454000000,
        "capitalleasesincomestatementleaserevenue": 103000000,
        "revenues": 5131000000,
        "costofgoodssold": 13464000000,
        "costofservices": 7171000000,
        "financialservicescosts": 69000000,
        "researchanddevelopmentexpense": 873000000,
        "sellinggeneralandadministrativeexpense": 3391000000,
        "amortizationofintangibleassets": 264000000,
        "restructuringcharges": 252000000,
        "businesscombinationacquisitionrelatedcharges": 3000000,
        "costsandexpenses": 25487000000,
        "operatingincomeloss": 122000000,
        "nonoperatingincomeexpense": -174000000,
        "incomelossbeforeincometax": 1648000000,
        "incometaxexpensebenefit": 375000000,
        "earningspersharebasic": 0.6699999999999999,
        "earningspersharediluted": 0.6599999999999999,
        "commonstockdividendspersharedeclared": 0,
        "weightedaveragenumberofsharesoutstandingbasic": -9000000,
        "weightedaveragenumberofdilutedsharesoutstanding": -13000000
    },
    {
        "date": "2014-01-30",
        "symbol": "HPQ",
        "period": "Q1",
        "salesrevenuegoodsnet": 18770000000,
        "salesrevenueservicesnet": 9281000000,
        "capitalleasesincomestatementleaserevenue": 103000000,
        "revenues": 5595000000,
        "costofgoodssold": 14525000000,
        "costofservices": 7139000000,
        "financialservicescosts": 72000000,
        "researchanddevelopmentexpense": 811000000,
        "sellinggeneralandadministrativeexpense": 3210000000,
        "amortizationofintangibleassets": 283000000,
        "restructuringcharges": 114000000,
        "businesscombinationacquisitionrelatedcharges": 3000000,
        "costsandexpenses": 26157000000,
        "operatingincomeloss": 1997000000,
        "nonoperatingincomeexpense": -163000000,
        "incomelossbeforeincometax": 1834000000,
        "incometaxexpensebenefit": 409000000,
        "netincomelossavailabletocommonstockholdersbasic": 1425000000,
        "earningspersharebasic": 0.75,
        "earningspersharediluted": 0.74,
        "commonstockdividendspersharedeclared": 0.29,
        "weightedaveragenumberofsharesoutstandingbasic": 1907000000,
        "weightedaveragenumberofdilutedsharesoutstanding": 1935000000,
        "othercomprehensiveincomeunrealizedholdinggainlossonsecuritiesarisingduringperiodbeforetax": -1000000,
        "othercomprehensiveincomelossreclassificationadjustmentfromaociforsaleofsecuritiesbeforetax": 1000000,
        "othercomprehensiveincomelossavailableforsalesecuritiesadjustmentbeforetax": -2000000,
        "othercomprehensiveincomeunrealizedgainlossonderivativesarisingduringperiodbeforetax": 70000000,
        "othercomprehensiveincomelossreclassificationadjustmentfromaocionderivativesbeforetax": -109000000,
        "othercomprehensiveincomederivativesqualifyingashedgesbeforetaxportionattributabletoparent": 179000000,
        "othercomprehensiveincomelossactuarialandpriorservicecostsnetperiodicbenefitcostbeforetax": -63000000,
        "othercomprehensiveincomelosspensionandotherpostretirementbenefitplansadjustmentbeforetax": -63000000,
        "othercomprehensiveincomeforeigncurrencytransactionandtranslationadjustmentbeforetaxportionattributabletoparent": -24000000,
        "othercomprehensiveincomelossbeforetaxportionattributabletoparent": 216000000,
        "othercomprehensiveincomelosstaxportionattributabletoparent1": 105000000,
        "othercomprehensiveincomelossnetoftaxportionattributabletoparent": 111000000,
        "comprehensiveincomenetoftax": 1536000000
    },
    {
        "date": "2013-10-30",
        "symbol": "HPQ",
        "period": "Q4",
        "salesrevenuegoodsnet": 19295000000,
        "salesrevenueservicesnet": 9731000000,
        "capitalleasesincomestatementleaserevenue": 105000000,
        "revenues": -83143000000,
        "costofgoodssold": 14963000000,
        "costofservices": 7400000000,
        "researchanddevelopmentexpense": 729000000,
        "sellinggeneralandadministrativeexpense": 3351000000,
        "restructuringcharges": 371000000,
        "businesscombinationacquisitionrelatedcharges": 3000000,
        "costsandexpenses": 27208000000,
        "operatingincomeloss": -8024000000,
        "nonoperatingincomeexpense": -103000000,
        "incomelossbeforeincometax": 1820000000,
        "incometaxexpensebenefit": 406000000,
        "netincomelossavailabletocommonstockholdersbasic": 1414000000,
        "earningspersharebasic": 0.7300000000000003,
        "earningspersharediluted": 0.7300000000000003,
        "weightedaveragenumberofsharesoutstandingbasic": -1939000000,
        "weightedaveragenumberofdilutedsharesoutstanding": -1950000000,
        "othercomprehensiveincomelossavailableforsalesecuritiesadjustmentbeforetax": 19000000,
        "othercomprehensiveincomeunrealizedgainlossonderivativesarisingduringperiodbeforetax": -199000000,
        "othercomprehensiveincomederivativesqualifyingashedgesbeforetaxportionattributabletoparent": -112000000,
        "othercomprehensiveincomelossactuarialandpriorservicecostsnetperiodicbenefitcostbeforetax": -412000000,
        "othercomprehensiveincomelossresultingfromsettlementorcurtailmentofpensionandnonpensionpostretirementplanvaluationbeforetax": 23000000,
        "othercomprehensiveincomelosspensionandotherpostretirementbenefitplansadjustmentbeforetax": -2359000000,
        "othercomprehensiveincomeforeigncurrencytransactionandtranslationadjustmentbeforetaxportionattributabletoparent": 7000000,
        "othercomprehensiveincomelossbeforetaxportionattributabletoparent": 1917000000,
        "othercomprehensiveincomelosstaxportionattributabletoparent1": 232000000,
        "othercomprehensiveincomelossnetoftaxportionattributabletoparent": 1655000000,
        "comprehensiveincomenetoftax": 3069000000
    },
    {
        "date": "2013-07-30",
        "symbol": "HPQ",
        "period": "Q3",
        "salesrevenuegoodsnet": 17375000000,
        "salesrevenueservicesnet": 9741000000,
        "capitalleasesincomestatementleaserevenue": 110000000,
        "revenues": 27226000000,
        "costofgoodssold": 13397000000,
        "costofservices": 7385000000,
        "financialservicescosts": 77000000,
        "researchanddevelopmentexpense": 797000000,
        "sellinggeneralandadministrativeexpense": 3274000000,
        "amortizationofacquiredintangibleassets": 356000000,
        "restructuringcharges": 81000000,
        "businesscombinationacquisitionrelatedcharges": 4000000,
        "costsandexpenses": 25371000000,
        "operatingincomeloss": 2603000000,
        "nonoperatingincomeexpense": -146000000,
        "incomelossbeforeincometax": 1709000000,
        "incometaxexpensebenefit": 319000000,
        "netincomelossavailabletocommonstockholdersbasic": 1390000000,
        "earningspersharebasic": 0.72,
        "earningspersharediluted": 0.71,
        "commonstockdividendspersharedeclared": 0.29,
        "weightedaveragenumberofsharesoutstandingbasic": 1929000000,
        "weightedaveragenumberofdilutedsharesoutstanding": 1948000000,
        "othercomprehensiveincomeunrealizedholdinggainlossonsecuritiesarisingduringperiodbeforetax": 11000000,
        "othercomprehensiveincomelossreclassificationadjustmentforsaleofsecuritiesincludedinnetincomebeforetax": -49000000,
        "othercomprehensiveincomelossavailableforsalesecuritiesadjustmentbeforetax": -38000000,
        "othercomprehensiveincomeunrealizedgainlossonderivativesarisingduringperiodbeforetax": 116000000,
        "othercomprehensiveincomelossreclassificationadjustmentonderivativesincludedinnetincomebeforetax": -21000000,
        "othercomprehensiveincomederivativesqualifyingashedgesbeforetaxportionattributabletoparent": 95000000,
        "othercomprehensiveincomelosspensionandotherpostretirementbenefitplansnetunamortizedgainlossarisingduringperiodbeforetax": 30000000,
        "othercomprehensiveincomelossactuarialandpriorservicecostsnetperiodicbenefitcostbeforetax": -78000000,
        "othercomprehensiveincomelossresultingfromsettlementorcurtailmentofpensionandnonpensionpostretirementplanvaluationbeforetax": 15000000,
        "othercomprehensiveincomelosspensionandotherpostretirementbenefitplansadjustmentbeforetax": -123000000,
        "othercomprehensiveincomeforeigncurrencytransactionandtranslationadjustmentbeforetaxportionattributabletoparent": -99000000,
        "othercomprehensiveincomelossbeforetaxportionattributabletoparent": 81000000,
        "othercomprehensiveincomelosstaxportionattributabletoparent1": -8000000,
        "othercomprehensiveincomelossnetoftaxportionattributabletoparent": 89000000,
        "comprehensiveincomenetoftax": 1479000000
    },
    {
        "date": "2013-04-29",
        "symbol": "HPQ",
        "period": "Q2",
        "salesrevenuegoodsnet": 17458000000,
        "salesrevenueservicesnet": 10010000000,
        "capitalleasesincomestatementleaserevenue": 114000000,
        "revenues": 49120000000,
        "costofgoodssold": 13241000000,
        "costofservices": 7733000000,
        "researchanddevelopmentexpense": 815000000,
        "sellinggeneralandadministrativeexpense": 3342000000,
        "amortizationofacquiredintangibleassets": 350000000,
        "restructuringcharges": 408000000,
        "businesscombinationacquisitionrelatedcharges": 11000000,
        "costsandexpenses": 25981000000,
        "operatingincomeloss": 4101000000,
        "nonoperatingincomeexpense": -193000000,
        "incomelossbeforeincometax": 1408000000,
        "incometaxexpensebenefit": 331000000,
        "netincomelossavailabletocommonstockholdersbasic": 1077000000,
        "earningspersharebasic": 0.5599999999999999,
        "earningspersharediluted": 0.5499999999999999,
        "commonstockdividendspersharedeclared": 0,
        "weightedaveragenumberofsharesoutstandingbasic": -9000000,
        "weightedaveragenumberofdilutedsharesoutstanding": -4000000,
        "othercomprehensiveincomelossavailableforsalesecuritiesadjustmentbeforetax": 19000000,
        "othercomprehensiveincomeunrealizedgainlossonderivativesarisingduringperiodbeforetax": 154000000,
        "othercomprehensiveincomelossreclassificationadjustmentonderivativesincludedinnetincomebeforetax": -24000000,
        "othercomprehensiveincomederivativesqualifyingashedgesbeforetaxportionattributabletoparent": 130000000,
        "othercomprehensiveincomelossactuarialandpriorservicecostsnetperiodicbenefitcostbeforetax": 81000000,
        "othercomprehensiveincomelossresultingfromsettlementorcurtailmentofpensionandnonpensionpostretirementplanvaluationbeforetax": -26000000,
        "othercomprehensiveincomelosspensionandotherpostretirementbenefitplansadjustmentbeforetax": 82000000,
        "othercomprehensiveincomeforeigncurrencytransactionandtranslationadjustmentbeforetaxportionattributabletoparent": -32000000,
        "othercomprehensiveincomelossbeforetaxportionattributabletoparent": 199000000,
        "othercomprehensiveincomelosstaxportionattributabletoparent1": -49000000,
        "othercomprehensiveincomelossnetoftaxportionattributabletoparent": 150000000,
        "comprehensiveincomenetoftax": 1227000000
    },
    {
        "date": "2013-01-30",
        "symbol": "HPQ",
        "period": "Q1",
        "salesrevenuegoodsnet": 18270000000,
        "salesrevenueservicesnet": 9971000000,
        "capitalleasesincomestatementleaserevenue": 118000000,
        "revenues": 6821000000,
        "costofgoodssold": 14031000000,
        "costofservices": 7918000000,
        "financinginterest": 80000000,
        "researchanddevelopmentexpense": 794000000,
        "sellinggeneralandadministrativeexpense": 3300000000,
        "amortizationofacquiredintangibleassets": 350000000,
        "restructuringcharges": 130000000,
        "businesscombinationacquisitionrelatedcharges": 4000000,
        "costsandexpenses": 26607000000,
        "operatingincomeloss": 1084000000,
        "nonoperatingincomeexpense": -179000000,
        "incomelossbeforeincometax": 1573000000,
        "incometaxexpensebenefit": 341000000,
        "netincomelossavailabletocommonstockholdersbasic": 1232000000,
        "earningspersharebasic": 0.63,
        "earningspersharediluted": 0.63,
        "commonstockdividendspersharedeclared": 0.26,
        "weightedaveragenumberofsharesoutstandingbasic": 1953000000,
        "weightedaveragenumberofdilutedsharesoutstanding": 1956000000,
        "othercomprehensiveincomelossavailableforsalesecuritiesadjustmentbeforetax": 3000000,
        "othercomprehensiveincomeunrealizedgainlossonderivativesarisingduringperiodbeforetax": -314000000,
        "othercomprehensiveincomelossreclassificationadjustmentonderivativesincludedinnetincomebeforetax": 64000000,
        "othercomprehensiveincomederivativesqualifyingashedgesbeforetaxportionattributabletoparent": -250000000,
        "othercomprehensiveincomelossactuarialandpriorservicecostsnetperiodicbenefitcostbeforetax": 83000000,
        "othercomprehensiveincomelossresultingfromsettlementorcurtailmentofpensionandnonpensionpostretirementplanvaluationbeforetax": 13000000,
        "othercomprehensiveincomelosspensionandotherpostretirementbenefitplansadjustmentbeforetax": 96000000,
        "othercomprehensiveincomeforeigncurrencytransactionandtranslationadjustmentbeforetaxportionattributabletoparent": -26000000,
        "othercomprehensiveincomelossbeforetaxportionattributabletoparent": -177000000,
        "othercomprehensiveincomelosstaxportionattributabletoparent1": 64000000,
        "othercomprehensiveincomelossnetoftaxportionattributabletoparent": -113000000,
        "comprehensiveincomenetoftax": 1119000000
    },
    {
        "date": "2012-07-30",
        "symbol": "HPQ",
        "period": "Q3",
        "salesrevenuegoodsnet": 19053000000,
        "salesrevenueservicesnet": 10503000000,
        "capitalleasesincomestatementleaserevenue": 113000000,
        "revenues": 29669000000,
        "costofgoodssold": 14524000000,
        "costofservices": 8216000000,
        "financinginterest": 80000000,
        "researchanddevelopmentexpense": 854000000,
        "sellinggeneralandadministrativeexpense": 3366000000,
        "goodwillandintangibleassetimpairment": 9188000000,
        "restructuringcharges": 1795000000,
        "finitelivedintangibleassetsamortizationexpense": 476000000,
        "businesscombinationacquisitionrelatedcharges": 3000000,
        "costsandexpenses": 38502000000,
        "operatingincomeloss": -8833000000,
        "nonoperatingincomeexpense": -224000000,
        "incomelossbeforeincometax": -9057000000,
        "incometaxexpensebenefit": -200000000,
        "netincomelossavailabletocommonstockholdersbasic": -8857000000,
        "earningspersharebasic": -4.49,
        "earningspersharediluted": -4.49,
        "commonstockdividendspersharedeclared": 0.26,
        "weightedaveragenumberofsharesoutstandingbasic": 1971000000,
        "weightedaveragenumberofdilutedsharesoutstanding": 1971000000
    },
    {
        "date": "2012-04-29",
        "symbol": "HPQ",
        "period": "Q2",
        "salesrevenuegoodsnet": 19962000000,
        "salesrevenueservicesnet": 10614000000,
        "capitalleasesincomestatementleaserevenue": 117000000,
        "revenues": 30693000000,
        "costofgoodssold": 15181000000,
        "costofservices": 8280000000,
        "financinginterest": 80000000,
        "researchanddevelopmentexpense": 850000000,
        "sellinggeneralandadministrativeexpense": 3540000000,
        "finitelivedintangibleassetsamortizationexpense": 470000000,
        "restructuringcharges": 53000000,
        "businesscombinationacquisitionrelatedcharges": 17000000,
        "costsandexpenses": 28471000000,
        "operatingincomeloss": 3988000000,
        "nonoperatingincomeexpense": -243000000,
        "incomelossbeforeincometax": 1979000000,
        "incometaxexpensebenefit": 386000000,
        "netincomelossavailabletocommonstockholdersbasic": 1593000000,
        "earningspersharebasic": 0.81,
        "earningspersharediluted": 0.8,
        "commonstockdividendspersharedeclared": 0,
        "weightedaveragenumberofsharesoutstandingbasic": -1000000,
        "weightedaveragenumberofdilutedsharesoutstanding": -3000000
    },
    {
        "date": "2012-01-30",
        "symbol": "HPQ",
        "period": "Q1",
        "salesrevenuegoodsnet": 19511000000,
        "salesrevenueservicesnet": 10409000000,
        "capitalleasesincomestatementleaserevenue": 116000000,
        "revenues": 30036000000,
        "costofgoodssold": 15049000000,
        "costofservices": 8186000000,
        "financinginterest": 78000000,
        "researchanddevelopmentexpense": 786000000,
        "sellinggeneralandadministrativeexpense": 3367000000,
        "finitelivedintangibleassetsamortizationexpense": 466000000,
        "restructuringcharges": 40000000,
        "businesscombinationacquisitionrelatedcharges": 22000000,
        "costsandexpenses": 27994000000,
        "operatingincomeloss": 2042000000,
        "nonoperatingincomeexpense": -221000000,
        "incomelossbeforeincometax": 1821000000,
        "incometaxexpensebenefit": 353000000,
        "netincomelossavailabletocommonstockholdersbasic": 1468000000,
        "earningspersharebasic": 0.74,
        "earningspersharediluted": 0.73,
        "commonstockdividendspersharedeclared": 0.24,
        "weightedaveragenumberofsharesoutstandingbasic": 1981000000,
        "weightedaveragenumberofdilutedsharesoutstanding": 1998000000
    },
    {
        "date": "2011-10-30",
        "symbol": "HPQ",
        "period": "Q4",
        "salesrevenuegoodsnet": 21096000000,
        "salesrevenueservicesnet": 10909000000,
        "revenues": 80979000000,
        "costofgoodssold": 16881000000,
        "costofservices": 8374000000,
        "financinginterest": 77000000,
        "researchanddevelopmentexpense": 829000000,
        "sellinggeneralandadministrativeexpense": 3577000000,
        "finitelivedintangibleassetsamortizationexpense": 411000000,
        "restructuringcharges": 179000000,
        "businesscombinationacquisitionrelatedcharges": 114000000,
        "costsandexpenses": 31327000000,
        "operatingincomeloss": 5046000000,
        "nonoperatingincomeexpense": -401000000,
        "incomelossbeforeincometax": 394000000,
        "incometaxexpensebenefit": 155000000,
        "netincomeloss": 239000000,
        "earningspersharebasic": 0.16999999999999993,
        "earningspersharediluted": 0.1599999999999997,
        "weightedaveragenumberofsharesoutstandingbasic": -2126000000,
        "weightedaveragenumberofdilutedsharesoutstanding": -2155000000
    },
    {
        "date": "2011-07-30",
        "symbol": "HPQ",
        "period": "Q3",
        "salesrevenuegoodsnet": 20412000000,
        "salesrevenueservicesnet": 10662000000,
        "financingrevenue": 115000000,
        "revenues": 652000000,
        "costofgoodssold": 15669000000,
        "costofservices": 8180000000,
        "financinginterest": 80000000,
        "researchanddevelopmentexpense": 812000000,
        "sellinggeneralandadministrativeexpense": 3402000000,
        "finitelivedintangibleassetsamortizationexpense": 358000000,
        "restructuringcharges": 150000000,
        "businesscombinationacquisitionrelatedcharges": 18000000,
        "costsandexpenses": 28669000000,
        "operatingincomeloss": 2520000000,
        "nonoperatingincomeexpense": -121000000,
        "incomelossbeforeincometax": 2399000000,
        "incometaxexpensebenefit": 473000000,
        "netincomeloss": 1926000000,
        "earningspersharebasic": 0.94,
        "earningspersharediluted": 0.93,
        "commonstockdividendspersharedeclared": 0.24,
        "weightedaveragenumberofsharesoutstandingbasic": 2054000000,
        "weightedaveragenumberofdilutedsharesoutstanding": 2080000000
    },
    {
        "date": "2011-04-29",
        "symbol": "HPQ",
        "period": "Q2",
        "salesrevenuegoodsnet": 21055000000,
        "salesrevenueservicesnet": 10466000000,
        "financingrevenue": 111000000,
        "revenues": 884000000,
        "costofgoodssold": 15819000000,
        "costofservices": 7967000000,
        "financinginterest": 74000000,
        "researchanddevelopmentexpense": 815000000,
        "sellinggeneralandadministrativeexpense": 3397000000,
        "finitelivedintangibleassetsamortizationexpense": 413000000,
        "restructuringcharges": 158000000,
        "businesscombinationacquisitionrelatedcharges": 21000000,
        "costsandexpenses": 28664000000,
        "operatingincomeloss": 2968000000,
        "nonoperatingincomeexpense": -76000000,
        "incomelossbeforeincometax": 2892000000,
        "incometaxexpensebenefit": 588000000,
        "netincomeloss": 2304000000,
        "earningspersharebasic": 1.08,
        "earningspersharediluted": 1.06,
        "commonstockdividendspersharedeclared": 0,
        "weightedaveragenumberofsharesoutstandingbasic": -16000000,
        "weightedaveragenumberofdilutedsharesoutstanding": -23000000
    },
    {
        "date": "2011-01-30",
        "symbol": "HPQ",
        "period": "Q1",
        "salesrevenuegoodsnet": 22194000000,
        "salesrevenueservicesnet": 10002000000,
        "financingrevenue": 106000000,
        "revenues": 619000000,
        "costofgoodssold": 16798000000,
        "costofservices": 7535000000,
        "financinginterest": 75000000,
        "researchanddevelopmentexpense": 798000000,
        "sellinggeneralandadministrativeexpense": 3090000000,
        "finitelivedintangibleassetsamortizationexpense": 425000000,
        "restructuringcharges": 158000000,
        "businesscombinationacquisitionrelatedcharges": 29000000,
        "costsandexpenses": 28908000000,
        "operatingincomeloss": 3394000000,
        "nonoperatingincomeexpense": -97000000,
        "incomelossbeforeincometax": 3297000000,
        "incometaxexpensebenefit": 692000000,
        "netincomeloss": 2605000000,
        "earningspersharebasic": 1.19,
        "earningspersharediluted": 1.17,
        "commonstockdividendspersharedeclared": 0.16,
        "weightedaveragenumberofsharesoutstandingbasic": 2182000000,
        "weightedaveragenumberofdilutedsharesoutstanding": 2226000000
    },
    {
        "date": "2010-07-30",
        "symbol": "HPQ",
        "period": "Q3",
        "salesrevenuegoodsnet": 20547000000,
        "salesrevenueservicesnet": 10078000000,
        "financingrevenue": 104000000,
        "revenues": 648000000,
        "costofgoodssold": 15730000000,
        "costofservices": 7597000000,
        "financinginterest": 75000000,
        "researchanddevelopmentexpense": 742000000,
        "sellinggeneralandadministrativeexpense": 3154000000,
        "finitelivedintangibleassetsamortizationexpense": 383000000,
        "restructuringcharges": 598000000,
        "businesscombinationacquisitionrelatedcharges": 127000000,
        "costsandexpenses": 28406000000,
        "operatingincomeloss": 2323000000,
        "nonoperatingincomeexpense": -134000000,
        "incomelossbeforeincometax": 2189000000,
        "incometaxexpensebenefit": 416000000,
        "netincomeloss": 1773000000,
        "earningspersharebasic": 0.76,
        "earningspersharediluted": 0.75,
        "commonstockdividendspersharedeclared": 0.16,
        "weightedaveragenumberofsharesoutstandingbasic": 2322000000,
        "weightedaveragenumberofdilutedsharesoutstanding": 2376000000
    },
    {
        "date": "2010-04-29",
        "symbol": "HPQ",
        "period": "Q2",
        "salesrevenuegoodsnet": 20570000000,
        "salesrevenueservicesnet": 10172000000,
        "financingrevenue": 107000000,
        "revenues": 30849000000,
        "costofgoodssold": 15859000000,
        "costofservices": 7669000000,
        "financinginterest": 73000000,
        "researchanddevelopmentexpense": 722000000,
        "sellinggeneralandadministrativeexpense": 3064000000,
        "finitelivedintangibleassetsamortizationexpense": 347000000,
        "restructuringcharges": 180000000,
        "businesscombinationacquisitionrelatedcharges": 77000000,
        "costsandexpenses": 27991000000,
        "operatingincomeloss": 2858000000,
        "nonoperatingincomeexpense": -91000000,
        "incomelossbeforeincometax": 2767000000,
        "incometaxexpensebenefit": 567000000,
        "netincomeloss": 2200000000,
        "earningspersharebasic": 0.94,
        "earningspersharediluted": 0.91,
        "commonstockdividendspersharedeclared": 0,
        "weightedaveragenumberofsharesoutstandingbasic": -6000000,
        "weightedaveragenumberofdilutedsharesoutstanding": -15000000
    },
    {
        "date": "2010-01-30",
        "symbol": "HPQ",
        "period": "Q1",
        "salesrevenuegoodsnet": 21003000000,
        "salesrevenueservicesnet": 10067000000,
        "financingrevenue": 107000000,
        "revenues": 31177000000,
        "costofgoodssold": 16347000000,
        "costofservices": 7636000000,
        "financinginterest": 79000000,
        "researchanddevelopmentexpense": 681000000,
        "sellinggeneralandadministrativeexpense": 2932000000,
        "finitelivedintangibleassetsamortizationexpense": 330000000,
        "restructuringcharges": 131000000,
        "businesscombinationacquisitionrelatedcharges": 38000000,
        "costsandexpenses": 28174000000,
        "operatingincomeloss": 3003000000,
        "nonoperatingincomeexpense": -199000000,
        "incomelossbeforeincometax": 2804000000,
        "incometaxexpensebenefit": 554000000,
        "netincomeloss": 2250000000,
        "earningspersharebasic": 0.95,
        "earningspersharediluted": 0.93,
        "commonstockdividendspersharedeclared": 0.16,
        "weightedaveragenumberofsharesoutstandingbasic": 2358000000,
        "weightedaveragenumberofdilutedsharesoutstanding": 2427000000
    }
]