[
    {
        "date": "2024-03-30",
        "symbol": "WMG",
        "period": "Q2",
        "revenuefromcontractwithcustomerexcludingassessedtax": 1494000000,
        "costofgoodsandservicessold": 791000000,
        "sellinggeneralandadministrativeexpense": 446000000,
        "amortizationofintangibleassets": 57000000,
        "costsandexpenses": 1389000000,
        "gainlossonsaleofbusiness": 14000000,
        "operatingincomeloss": 119000000,
        "interestincomeexpensenonoperatingnet": -42000000,
        "othernonoperatingincomeexpense": 37000000,
        "incomelossfromcontinuingoperationsbeforeincometaxesextraordinaryitemsnoncontrollinginterest": 114000000,
        "incometaxexpensebenefit": 18000000,
        "incomelossfromcontinuingoperationsincludingportionattributabletononcontrollinginterest": 96000000,
        "netincomelossattributabletononcontrollinginterest": 0,
        "netincomeloss": 96000000,
        "earningspersharebasic": 0.19,
        "earningspersharediluted": 0.19,
        "weightedaveragenumberofsharesoutstandingbasic": 140013000,
        "weightedaveragenumberofdilutedsharesoutstanding": 140013000,
        "depreciation": 26000000,
        "othercomprehensiveincomelossforeigncurrencytransactionandtranslationadjustmentnetoftax": -41000000,
        "othercomprehensiveincomelosspensionandotherpostretirementbenefitplansadjustmentbeforereclassificationadjustmentsnetoftax": 0,
        "othercomprehensiveincomelossnetoftax": -41000000,
        "comprehensiveincomenetoftaxincludingportionattributabletononcontrollinginterest": 55000000,
        "comprehensiveincomenetoftaxattributabletononcontrollinginterest": 0,
        "comprehensiveincomenetoftax": 55000000
    },
    {
        "date": "2023-12-30",
        "symbol": "WMG",
        "period": "Q1",
        "revenuefromcontractwithcustomerexcludingassessedtax": 1748000000,
        "costofgoodsandservicessold": 880000000,
        "sellinggeneralandadministrativeexpense": 476000000,
        "amortizationofintangibleassets": 55000000,
        "costsandexpenses": 1411000000,
        "gainlossonsaleofbusiness": 17000000,
        "operatingincomeloss": 354000000,
        "interestincomeexpensenonoperatingnet": -39000000,
        "othernonoperatingincomeexpense": -50000000,
        "incomelossfromcontinuingoperationsbeforeincometaxesextraordinaryitemsnoncontrollinginterest": 265000000,
        "incometaxexpensebenefit": 72000000,
        "incomelossfromcontinuingoperationsincludingportionattributabletononcontrollinginterest": 193000000,
        "netincomelossattributabletononcontrollinginterest": 34000000,
        "netincomeloss": 159000000,
        "earningspersharebasic": 0.3,
        "earningspersharediluted": 0.3,
        "weightedaveragenumberofsharesoutstandingbasic": 138972000,
        "weightedaveragenumberofdilutedsharesoutstanding": 138972000,
        "depreciation": 26000000,
        "othercomprehensiveincomelossforeigncurrencytransactionandtranslationadjustmentnetoftax": 64000000,
        "othercomprehensiveincomelosscashflowhedgegainlossreclassificationaftertax": 1000000,
        "othercomprehensiveincomelosspensionandotherpostretirementbenefitplansadjustmentbeforereclassificationadjustmentsnetoftax": 1000000,
        "othercomprehensiveincomelossnetoftax": 62000000,
        "comprehensiveincomenetoftaxincludingportionattributabletononcontrollinginterest": 255000000,
        "comprehensiveincomenetoftaxattributabletononcontrollinginterest": 34000000,
        "comprehensiveincomenetoftax": 221000000
    },
    {
        "date": "2023-09-29",
        "symbol": "WMG",
        "period": "Q4",
        "revenuefromcontractwithcustomerexcludingassessedtax": 6040000000,
        "costofgoodsandservicessold": 845000000,
        "sellinggeneralandadministrativeexpense": 473000000,
        "amortizationofintangibleassets": 178000000,
        "costsandexpenses": 1374000000,
        "operatingincomeloss": 1004000000,
        "interestincomeexpensenonoperatingnet": -36000000,
        "othernonoperatingincomeexpense": 36000000,
        "incomelossfromcontinuingoperationsbeforeincometaxesextraordinaryitemsnoncontrollinginterest": 212000000,
        "incometaxexpensebenefit": 58000000,
        "incomelossfromcontinuingoperationsincludingportionattributabletononcontrollinginterest": 432000000,
        "netincomelossattributabletononcontrollinginterest": 2000000,
        "netincomeloss": 229000000,
        "depreciation": 63000000,
        "othercomprehensiveincomelossforeigncurrencytransactionandtranslationadjustmentnetoftax": -42000000,
        "othercomprehensiveincomelossnetoftax": -45000000,
        "comprehensiveincomenetoftaxincludingportionattributabletononcontrollinginterest": 109000000,
        "comprehensiveincomenetoftaxattributabletononcontrollinginterest": 2000000,
        "comprehensiveincomenetoftax": 107000000
    },
    {
        "date": "2023-06-29",
        "symbol": "WMG",
        "period": "Q3",
        "revenuefromcontractwithcustomerexcludingassessedtax": -1000000,
        "costofgoodsandservicessold": 850000000,
        "sellinggeneralandadministrativeexpense": 461000000,
        "amortizationofintangibleassets": 23000000,
        "costsandexpenses": 1375000000,
        "operatingincomeloss": -68000000,
        "interestincomeexpensenonoperatingnet": -38000000,
        "othernonoperatingincomeexpense": 20000000,
        "incomelossfromcontinuingoperationsbeforeincometaxesextraordinaryitemsnoncontrollinginterest": 167000000,
        "incometaxexpensebenefit": 43000000,
        "incomelossfromcontinuingoperationsincludingportionattributabletononcontrollinginterest": 2000000,
        "netincomelossattributabletononcontrollinginterest": 2000000,
        "netincomeloss": 88000000,
        "earningspersharebasic": 0.23000000000000007,
        "earningspersharediluted": 0.23000000000000007,
        "depreciation": 9000000,
        "othercomprehensiveincomelossforeigncurrencytransactionandtranslationadjustmentnetoftax": -13000000,
        "othercomprehensiveincomelosscashflowhedgegainlossafterreclassificationandtax": -3000000,
        "othercomprehensiveincomelossnetoftax": -16000000,
        "comprehensiveincomenetoftaxincludingportionattributabletononcontrollinginterest": 108000000,
        "comprehensiveincomenetoftaxattributabletononcontrollinginterest": 2000000,
        "comprehensiveincomenetoftax": 106000000
    },
    {
        "date": "2023-03-30",
        "symbol": "WMG",
        "period": "Q2",
        "revenuefromcontractwithcustomerexcludingassessedtax": -1000000,
        "costofgoodsandservicessold": 721000000,
        "sellinggeneralandadministrativeexpense": 452000000,
        "amortizationofintangibleassets": 22000000,
        "costsandexpenses": 1275000000,
        "gainlossonsaleofbusiness": 0,
        "operatingincomeloss": -79000000,
        "interestincomeexpensenonoperatingnet": -35000000,
        "othernonoperatingincomeexpense": -31000000,
        "incomelossfromcontinuingoperationsbeforeincometaxesextraordinaryitemsnoncontrollinginterest": 58000000,
        "incometaxexpensebenefit": 21000000,
        "incomelossfromcontinuingoperationsincludingportionattributabletononcontrollinginterest": 3000000,
        "netincomelossattributabletononcontrollinginterest": 3000000,
        "netincomeloss": 25000000,
        "earningspersharebasic": 0.06999999999999998,
        "earningspersharediluted": 0.06999999999999998,
        "weightedaveragenumberofsharesoutstandingbasic": 0,
        "weightedaveragenumberofdilutedsharesoutstanding": 0,
        "depreciation": 8000000,
        "othercomprehensiveincomelossforeigncurrencytransactionandtranslationadjustmentnetoftax": 19000000,
        "othercomprehensiveincomelosscashflowhedgegainlossafterreclassificationandtax": -4000000,
        "othercomprehensiveincomelossnetoftax": 15000000,
        "comprehensiveincomenetoftaxincludingportionattributabletononcontrollinginterest": 52000000,
        "comprehensiveincomenetoftaxattributabletononcontrollinginterest": 3000000,
        "comprehensiveincomenetoftax": 49000000
    },
    {
        "date": "2022-12-30",
        "symbol": "WMG",
        "period": "Q1",
        "revenuefromcontractwithcustomerexcludingassessedtax": -1000000,
        "costofgoodsandservicessold": 761000000,
        "sellinggeneralandadministrativeexpense": 440000000,
        "amortizationofintangibleassets": 22000000,
        "costsandexpenses": 1264000000,
        "gainlossonsaleofbusiness": 41000000,
        "operatingincomeloss": -67000000,
        "interestincomeexpensenonoperatingnet": -32000000,
        "othernonoperatingincomeexpense": -61000000,
        "incomelossfromcontinuingoperationsbeforeincometaxesextraordinaryitemsnoncontrollinginterest": 172000000,
        "incometaxexpensebenefit": 48000000,
        "incomelossfromcontinuingoperationsincludingportionattributabletononcontrollinginterest": 2000000,
        "netincomelossattributabletononcontrollinginterest": 2000000,
        "netincomeloss": 88000000,
        "earningspersharebasic": 0.23,
        "earningspersharediluted": 0.23,
        "weightedaveragenumberofsharesoutstandingbasic": 377650000,
        "weightedaveragenumberofdilutedsharesoutstanding": 377650000,
        "depreciation": 7000000,
        "othercomprehensiveincomelossforeigncurrencytransactionandtranslationadjustmentnetoftax": 72000000,
        "othercomprehensiveincomelosscashflowhedgegainlossafterreclassificationandtax": -1000000,
        "othercomprehensiveincomelossnetoftax": 71000000,
        "comprehensiveincomenetoftaxincludingportionattributabletononcontrollinginterest": 195000000,
        "comprehensiveincomenetoftaxattributabletononcontrollinginterest": 2000000,
        "comprehensiveincomenetoftax": 193000000
    },
    {
        "date": "2022-09-29",
        "symbol": "WMG",
        "period": "Q4",
        "revenuefromcontractwithcustomerexcludingassessedtax": 1832000000,
        "costofgoodsandservicessold": 799000000,
        "sellinggeneralandadministrativeexpense": 470000000,
        "amortizationofintangibleassets": 22000000,
        "costsandexpenses": 1334000000,
        "operatingincomeloss": -38000000,
        "interestincomeexpensenonoperatingnet": -31000000,
        "othernonoperatingincomeexpense": 55000000,
        "incomelossfromcontinuingoperationsbeforeincometaxesextraordinaryitemsnoncontrollinginterest": 187000000,
        "incometaxexpensebenefit": 37000000,
        "netincomeloss": 106000000,
        "weightedaveragenumberofsharesoutstandingbasic": -381046178,
        "weightedaveragenumberofdilutedsharesoutstanding": -381046178,
        "depreciation": 5000000,
        "othercomprehensiveincomelossforeigncurrencytransactionandtranslationadjustmentnetoftax": -82000000,
        "othercomprehensiveincomelossnetoftax": -69000000,
        "comprehensiveincomenetoftaxincludingportionattributabletononcontrollinginterest": 81000000,
        "comprehensiveincomenetoftax": 79000000
    },
    {
        "date": "2022-06-29",
        "symbol": "WMG",
        "period": "Q3",
        "revenuefromcontractwithcustomerexcludingassessedtax": -2000000,
        "costofgoodsandservicessold": 766000000,
        "sellinggeneralandadministrativeexpense": 451000000,
        "amortizationofintangibleassets": 23000000,
        "costsandexpenses": 1286000000,
        "operatingincomeloss": -53000000,
        "interestincomeexpensenonoperatingnet": -32000000,
        "othernonoperatingincomeexpense": 50000000,
        "incomelossfromcontinuingoperationsbeforeincometaxesextraordinaryitemsnoncontrollinginterest": 164000000,
        "incometaxexpensebenefit": 39000000,
        "incomelossfromcontinuingoperationsincludingportionattributabletononcontrollinginterest": 1000000,
        "netincomelossattributabletononcontrollinginterest": 1000000,
        "netincomeloss": 90000000,
        "earningspersharebasic": 0.24,
        "earningspersharediluted": 0.24,
        "weightedaveragenumberofsharesoutstandingbasic": 377650449,
        "weightedaveragenumberofdilutedsharesoutstanding": 377650449,
        "depreciation": 5000000,
        "othercomprehensiveincomelossforeigncurrencytransactionandtranslationadjustmentnetoftax": -52000000,
        "othercomprehensiveincomelosscashflowhedgegainlossafterreclassificationandtax": 5000000,
        "othercomprehensiveincomelossnetoftax": -47000000,
        "comprehensiveincomenetoftaxincludingportionattributabletononcontrollinginterest": 78000000,
        "comprehensiveincomenetoftaxattributabletononcontrollinginterest": 1000000,
        "comprehensiveincomenetoftax": 77000000
    },
    {
        "date": "2022-03-30",
        "symbol": "WMG",
        "period": "Q2",
        "revenuefromcontractwithcustomerexcludingassessedtax": -1000000,
        "costofgoodsandservicessold": 697000000,
        "sellinggeneralandadministrativeexpense": 444000000,
        "amortizationofintangibleassets": 22000000,
        "costsandexpenses": 1210000000,
        "operatingincomeloss": -61000000,
        "interestincomeexpensenonoperatingnet": -32000000,
        "othernonoperatingincomeexpense": -8000000,
        "incomelossfromcontinuingoperationsbeforeincometaxesextraordinaryitemsnoncontrollinginterest": 126000000,
        "incometaxexpensebenefit": 34000000,
        "incomelossfromcontinuingoperationsincludingportionattributabletononcontrollinginterest": 0,
        "netincomelossattributabletononcontrollinginterest": 0,
        "netincomeloss": 66000000,
        "earningspersharebasic": 0.17000000000000004,
        "earningspersharediluted": 0.17000000000000004,
        "weightedaveragenumberofsharesoutstandingbasic": -6510132,
        "weightedaveragenumberofdilutedsharesoutstanding": -6510132,
        "depreciation": 5000000,
        "othercomprehensiveincomelossforeigncurrencytransactionandtranslationadjustmentnetoftax": -25000000,
        "othercomprehensiveincomelosscashflowhedgegainlossafterreclassificationandtax": 14000000,
        "othercomprehensiveincomelossnetoftax": -11000000,
        "comprehensiveincomenetoftaxincludingportionattributabletononcontrollinginterest": 81000000,
        "comprehensiveincomenetoftaxattributabletononcontrollinginterest": 0,
        "comprehensiveincomenetoftax": 81000000
    },
    {
        "date": "2021-12-30",
        "symbol": "WMG",
        "period": "Q1",
        "revenuefromcontractwithcustomerexcludingassessedtax": -1000000,
        "costofgoodsandservicessold": 818000000,
        "sellinggeneralandadministrativeexpense": 497000000,
        "amortizationofintangibleassets": 20000000,
        "costsandexpenses": 1375000000,
        "operatingincomeloss": -69000000,
        "interestincomeexpensenonoperatingnet": -30000000,
        "othernonoperatingincomeexpense": 54000000,
        "incomelossfromcontinuingoperationsbeforeincometaxesextraordinaryitemsnoncontrollinginterest": 263000000,
        "incometaxexpensebenefit": 75000000,
        "incomelossfromcontinuingoperationsincludingportionattributabletononcontrollinginterest": 1000000,
        "netincomelossattributabletononcontrollinginterest": 1000000,
        "netincomeloss": 140000000,
        "earningspersharebasic": 0.36,
        "earningspersharediluted": 0.36,
        "weightedaveragenumberofsharesoutstandingbasic": 390952038,
        "weightedaveragenumberofdilutedsharesoutstanding": 390952038,
        "depreciation": 5000000,
        "othercomprehensiveincomelossforeigncurrencytransactionandtranslationadjustmentnetoftax": -25000000,
        "othercomprehensiveincomelosscashflowhedgegainlossafterreclassificationandtax": 7000000,
        "othercomprehensiveincomelossnetoftax": -18000000,
        "comprehensiveincomenetoftaxincludingportionattributabletononcontrollinginterest": 170000000,
        "comprehensiveincomenetoftaxattributabletononcontrollinginterest": 1000000,
        "comprehensiveincomenetoftax": 169000000
    },
    {
        "date": "2021-09-29",
        "symbol": "WMG",
        "period": "Q4",
        "revenuefromcontractwithcustomerexcludingassessedtax": 1376000000,
        "costofgoodsandservicessold": 752000000,
        "sellinggeneralandadministrativeexpense": 465000000,
        "amortizationofintangibleassets": 59000000,
        "costsandexpenses": 1276000000,
        "operatingincomeloss": 100000000,
        "interestincomeexpensenonoperatingnet": -29000000,
        "incomelossfromcontinuingoperationsbeforeincometaxesextraordinaryitemsnoncontrollinginterest": 52000000,
        "incometaxexpensebenefit": 22000000,
        "incomelossfromcontinuingoperationsincludingportionattributabletononcontrollinginterest": 30000000,
        "netincomeloss": 28000000,
        "depreciation": 20000000,
        "othercomprehensiveincomelossforeigncurrencytransactionandtranslationadjustmentnetoftax": -12000000,
        "othercomprehensiveincomelossnetoftax": -8000000,
        "comprehensiveincomenetoftaxincludingportionattributabletononcontrollinginterest": 22000000,
        "comprehensiveincomenetoftax": 20000000
    },
    {
        "date": "2021-06-29",
        "symbol": "WMG",
        "period": "Q3",
        "revenuefromcontractwithcustomerexcludingassessedtax": 1340000000,
        "costofgoodsandservicessold": 681000000,
        "sellinggeneralandadministrativeexpense": 437000000,
        "amortizationofintangibleassets": 60000000,
        "costsandexpenses": 1178000000,
        "operatingincomeloss": 162000000,
        "interestincomeexpensenonoperatingnet": -30000000,
        "incomelossfromcontinuingoperationsbeforeincometaxesextraordinaryitemsnoncontrollinginterest": 102000000,
        "incometaxexpensebenefit": 41000000,
        "incomelossfromcontinuingoperationsincludingportionattributabletononcontrollinginterest": 61000000,
        "netincomeloss": 61000000,
        "depreciation": 19000000,
        "othercomprehensiveincomelossforeigncurrencytransactionandtranslationadjustmentnetoftax": 12000000,
        "othercomprehensiveincomelosscashflowhedgegainlossafterreclassificationandtax": 3000000,
        "othercomprehensiveincomelossnetoftax": 15000000,
        "comprehensiveincomenetoftaxincludingportionattributabletononcontrollinginterest": 76000000,
        "comprehensiveincomenetoftax": 76000000
    },
    {
        "date": "2021-03-30",
        "symbol": "WMG",
        "period": "Q2",
        "revenuefromcontractwithcustomerexcludingassessedtax": 1250000000,
        "costofgoodsandservicessold": 623000000,
        "sellinggeneralandadministrativeexpense": 418000000,
        "amortizationofintangibleassets": 58000000,
        "costsandexpenses": 1099000000,
        "operatingincomeloss": 151000000,
        "interestincomeexpensenonoperatingnet": -32000000,
        "othernonoperatingincomeexpense": 49000000,
        "incomelossfromcontinuingoperationsbeforeincometaxesextraordinaryitemsnoncontrollinginterest": 168000000,
        "incometaxexpensebenefit": 51000000,
        "incomelossfromcontinuingoperationsincludingportionattributabletononcontrollinginterest": 117000000,
        "netincomelossattributabletononcontrollinginterest": 0,
        "netincomeloss": 117000000,
        "earningspersharebasicanddiluted": 0.22999999999999998,
        "weightedaveragenumberofshareoutstandingbasicanddiluted": 9700973,
        "depreciation": 19000000,
        "othercomprehensiveincomelossforeigncurrencytransactionandtranslationadjustmentnetoftax": -27000000,
        "othercomprehensiveincomelosscashflowhedgegainlossafterreclassificationandtax": 3000000,
        "othercomprehensiveincomelossnetoftax": -24000000,
        "comprehensiveincomenetoftaxincludingportionattributabletononcontrollinginterest": 93000000,
        "comprehensiveincomenetoftaxattributabletononcontrollinginterest": 0,
        "comprehensiveincomenetoftax": 93000000
    },
    {
        "date": "2020-12-30",
        "symbol": "WMG",
        "period": "Q1",
        "revenuefromcontractwithcustomerexcludingassessedtax": 1335000000,
        "costofgoodsandservicessold": 686000000,
        "sellinggeneralandadministrativeexpense": 401000000,
        "amortizationofintangibleassets": 52000000,
        "costsandexpenses": 1139000000,
        "operatingincomeloss": 196000000,
        "interestincomeexpensenonoperatingnet": -31000000,
        "othernonoperatingincomeexpense": -31000000,
        "incomelossfromcontinuingoperationsbeforeincometaxesextraordinaryitemsnoncontrollinginterest": 134000000,
        "incometaxexpensebenefit": 35000000,
        "incomelossfromcontinuingoperationsincludingportionattributabletononcontrollinginterest": 99000000,
        "netincomelossattributabletononcontrollinginterest": 1000000,
        "netincomeloss": 98000000,
        "earningspersharebasicanddiluted": 0.18,
        "weightedaveragenumberofshareoutstandingbasicanddiluted": 94221946,
        "depreciation": 19000000,
        "othercomprehensiveincomelossforeigncurrencytransactionandtranslationadjustmentnetoftax": 34000000,
        "othercomprehensiveincomelosscashflowhedgegainlossafterreclassificationandtax": 3000000,
        "othercomprehensiveincomelossnetoftax": 37000000,
        "comprehensiveincomenetoftaxincludingportionattributabletononcontrollinginterest": 136000000,
        "comprehensiveincomenetoftaxattributabletononcontrollinginterest": 1000000,
        "comprehensiveincomenetoftax": 135000000
    },
    {
        "date": "2020-09-29",
        "symbol": "WMG",
        "period": "Q4",
        "revenuefromcontractwithcustomerexcludingassessedtax": 1126000000,
        "costofgoodsandservicessold": 606000000,
        "sellinggeneralandadministrativeexpense": 383000000,
        "amortizationofintangibleassets": 49000000,
        "costsandexpenses": 1038000000,
        "operatingincomeloss": 88000000,
        "interestincomeexpensenonoperatingnet": -29000000,
        "othernonoperatingincomeexpense": -45000000,
        "incomelossfromcontinuingoperationsbeforeincometaxesextraordinaryitemsnoncontrollinginterest": -20000000,
        "incometaxexpensebenefit": -21000000,
        "incomelossfromcontinuingoperationsincludingportionattributabletononcontrollinginterest": 3000000,
        "netincomeloss": -1000000,
        "depreciation": 18000000,
        "othercomprehensiveincomelossforeigncurrencytransactionandtranslationadjustmentnetoftax": 28000000,
        "othercomprehensiveincomelossnetoftax": 31000000,
        "comprehensiveincomenetoftaxincludingportionattributabletononcontrollinginterest": 32000000,
        "comprehensiveincomenetoftax": 30000000
    },
    {
        "date": "2020-06-29",
        "symbol": "WMG",
        "period": "Q3",
        "revenuefromcontractwithcustomerexcludingassessedtax": 1010000000,
        "costofgoodsandservicessold": 527000000,
        "sellinggeneralandadministrativeexpense": 869000000,
        "amortizationofintangibleassets": 47000000,
        "costsandexpenses": 1443000000,
        "operatingincomeloss": -433000000,
        "interestincomeexpensenonoperatingnet": -32000000,
        "othernonoperatingincomeexpense": -3000000,
        "incomelossfromcontinuingoperationsbeforeincometaxesextraordinaryitemsnoncontrollinginterest": -468000000,
        "incometaxexpensebenefit": 51000000,
        "incomelossfromcontinuingoperationsincludingportionattributabletononcontrollinginterest": -519000000,
        "netincomelossattributabletononcontrollinginterest": 1000000,
        "netincomeloss": -520000000,
        "earningspersharebasicanddiluted": -1.03,
        "weightedaveragenumberofshareoutstandingbasicanddiluted": 20307692,
        "depreciation": 15000000,
        "othercomprehensiveincomelossforeigncurrencytransactionandtranslationadjustmentnetoftax": 17000000,
        "othercomprehensiveincomelosscashflowhedgegainlossafterreclassificationandtax": -2000000,
        "othercomprehensiveincomelossnetoftax": 15000000,
        "comprehensiveincomenetoftaxincludingportionattributabletononcontrollinginterest": -504000000,
        "comprehensiveincomenetoftaxattributabletononcontrollinginterest": 1000000,
        "comprehensiveincomenetoftax": -505000000
    },
    {
        "date": "2020-03-30",
        "symbol": "WMG",
        "period": "Q2",
        "revenuefromcontractwithcustomerexcludingassessedtax": 1071000000,
        "costofgoodsandservicessold": 535000000,
        "sellinggeneralandadministrativeexpense": 538000000,
        "amortizationofintangibleassets": 47000000,
        "costsandexpenses": 1120000000,
        "operatingincomeloss": -49000000,
        "interestincomeexpensenonoperatingnet": -33000000,
        "othernonoperatingincomeexpense": -4000000,
        "incomelossfromcontinuingoperationsbeforeincometaxesextraordinaryitemsnoncontrollinginterest": 281000000,
        "incometaxexpensebenefit": -12000000,
        "incomelossfromcontinuingoperationsincludingportionattributabletononcontrollinginterest": 286000000,
        "netincomelossattributabletononcontrollinginterest": 0,
        "netincomeloss": 286000000,
        "depreciation": 36000000,
        "othercomprehensiveincomelossforeigncurrencytransactionandtranslationadjustmentnetoftax": 78000000,
        "othercomprehensiveincomelosscashflowhedgegainlossafterreclassificationandtax": -23000000,
        "othercomprehensiveincomelossnetoftax": 88000000,
        "comprehensiveincomenetoftaxincludingportionattributabletononcontrollinginterest": 376000000,
        "comprehensiveincomenetoftaxattributabletononcontrollinginterest": 0,
        "comprehensiveincomenetoftax": 374000000
    },
    {
        "date": "2019-12-30",
        "symbol": "WMG",
        "period": "Q1",
        "revenuefromcontractwithcustomerexcludingassessedtax": 1256000000,
        "costofgoodsandservicessold": 665000000,
        "sellinggeneralandadministrativeexpense": 379000000,
        "amortizationofintangibleassets": 47000000,
        "costsandexpenses": 1091000000,
        "operatingincomeloss": 165000000,
        "interestincomeexpensenonoperatingnet": -33000000,
        "othernonoperatingincomeexpense": -5000000,
        "incomelossfromcontinuingoperationsbeforeincometaxesextraordinaryitemsnoncontrollinginterest": -240000000,
        "incometaxexpensebenefit": 5000000,
        "incomelossfromcontinuingoperationsincludingportionattributabletononcontrollinginterest": -240000000,
        "netincomelossattributabletononcontrollinginterest": 2000000,
        "netincomeloss": -240000000,
        "depreciation": 2000000,
        "othercomprehensiveincomelossforeigncurrencytransactionandtranslationadjustmentnetoftax": -86000000,
        "othercomprehensiveincomelosscashflowhedgegainlossafterreclassificationandtax": 3000000,
        "othercomprehensiveincomelossnetoftax": -116000000,
        "comprehensiveincomenetoftaxincludingportionattributabletononcontrollinginterest": -356000000,
        "comprehensiveincomenetoftaxattributabletononcontrollinginterest": 2000000,
        "comprehensiveincomenetoftax": -356000000
    },
    {
        "date": "2019-06-29",
        "symbol": "WMG",
        "period": "Q3",
        "incomelossfromcontinuingoperationsincludingportionattributabletononcontrollinginterest": 13000000,
        "othercomprehensiveincomelossforeigncurrencytransactionandtranslationadjustmentnetoftax": 9000000,
        "othercomprehensiveincomeunrealizedgainlossonderivativesarisingduringperiodnetoftax": -3000000,
        "othercomprehensiveincomelossnetoftax": 6000000,
        "comprehensiveincomenetoftaxincludingportionattributabletononcontrollinginterest": 19000000,
        "comprehensiveincomenetoftaxattributabletononcontrollinginterest": 1000000,
        "comprehensiveincomenetoftax": 19000000,
        "revenuefromcontractwithcustomerexcludingassessedtax": 913000000,
        "costofgoodsandservicessold": 19000000,
        "sellinggeneralandadministrativeexpense": 203000000,
        "amortizationofintangibleassets": 34000000,
        "costsandexpenses": 672000000,
        "operatingincomeloss": -18000000,
        "gainslossesonextinguishmentofdebt": -4000000,
        "interestincomeexpensenonoperatingnet": -6000000,
        "othernonoperatingincomeexpense": -16000000,
        "incomelossfromcontinuingoperationsbeforeincometaxesextraordinaryitemsnoncontrollinginterest": -18000000,
        "incometaxexpensebenefit": 5000000,
        "netincomelossattributabletononcontrollinginterest": 1000000,
        "netincomeloss": -24000000,
        "depreciation": 12000000
    },
    {
        "date": "2019-03-30",
        "symbol": "WMG",
        "period": "Q2",
        "revenuefromcontractwithcustomerexcludingassessedtax": 1090000000,
        "costofgoodsandservicessold": 559000000,
        "sellinggeneralandadministrativeexpense": 354000000,
        "amortizationofintangibleassets": 55000000,
        "costsandexpenses": 968000000,
        "operatingincomeloss": 122000000,
        "gainslossesonextinguishmentofdebt": 0,
        "interestincomeexpensenonoperatingnet": -36000000,
        "othernonoperatingincomeexpense": 29000000,
        "incomelossfromcontinuingoperationsbeforeincometaxesextraordinaryitemsnoncontrollinginterest": -134000000,
        "incometaxexpensebenefit": 48000000,
        "incomelossfromcontinuingoperationsincludingportionattributabletononcontrollinginterest": -134000000,
        "netincomeloss": -134000000,
        "depreciation": 3000000,
        "othercomprehensiveincomelossforeigncurrencytransactionandtranslationadjustmentnetoftax": 26000000,
        "othercomprehensiveincomeunrealizedgainlossonderivativesarisingduringperiodnetoftax": 6000000,
        "othercomprehensiveincomelossnetoftax": 32000000,
        "comprehensiveincomenetoftaxincludingportionattributabletononcontrollinginterest": -102000000,
        "comprehensiveincomenetoftax": -102000000
    },
    {
        "date": "2018-12-30",
        "symbol": "WMG",
        "period": "Q1",
        "revenuefromcontractwithcustomerexcludingassessedtax": 1203000000,
        "costofgoodsandservicessold": 626000000,
        "sellinggeneralandadministrativeexpense": 376000000,
        "amortizationofintangibleassets": 54000000,
        "costsandexpenses": 1056000000,
        "operatingincomeloss": 147000000,
        "gainslossesonextinguishmentofdebt": -3000000,
        "interestincomeexpensenonoperatingnet": -36000000,
        "othernonoperatingincomeexpense": 28000000,
        "incomelossfromcontinuingoperationsbeforeincometaxesextraordinaryitemsnoncontrollinginterest": -172000000,
        "incometaxexpensebenefit": 50000000,
        "incomelossfromcontinuingoperationsincludingportionattributabletononcontrollinginterest": -172000000,
        "netincomeloss": -172000000,
        "depreciation": 3000000,
        "othercomprehensiveincomelossforeigncurrencytransactionandtranslationadjustmentnetoftax": 32000000,
        "othercomprehensiveincomeunrealizedgainlossonderivativesarisingduringperiodnetoftax": 12000000,
        "othercomprehensiveincomelossnetoftax": 44000000,
        "comprehensiveincomenetoftaxincludingportionattributabletononcontrollinginterest": -128000000,
        "comprehensiveincomenetoftaxattributabletononcontrollinginterest": -64000000,
        "comprehensiveincomenetoftax": -128000000
    },
    {
        "date": "2018-09-29",
        "symbol": "WMG",
        "period": "Q4",
        "sellinggeneralandadministrativeexpense": 398000000,
        "amortizationofintangibleassets": 42000000,
        "costsandexpenses": 1023000000,
        "operatingincomeloss": 16000000,
        "gainslossesonextinguishmentofdebt": 0,
        "interestincomeexpensenonoperatingnet": -33000000,
        "othernonoperatingincomeexpense": 2000000,
        "incomelossfromcontinuingoperationsbeforeincometaxesextraordinaryitemsnoncontrollinginterest": 28000000,
        "incometaxexpensebenefit": -2000000,
        "incomelossfromcontinuingoperationsincludingportionattributabletononcontrollinginterest": 28000000,
        "netincomelossattributabletononcontrollinginterest": 1000000,
        "netincomeloss": 28000000,
        "depreciation": 3000000,
        "othercomprehensiveincomelossforeigncurrencytransactionandtranslationadjustmentnetoftax": 0,
        "othercomprehensiveincomeunrealizedgainlossonderivativesarisingduringperiodnetoftax": -8000000,
        "othercomprehensiveincomelossnetoftax": -10000000,
        "comprehensiveincomenetoftaxincludingportionattributabletononcontrollinginterest": 18000000,
        "comprehensiveincomenetoftaxattributabletononcontrollinginterest": 1000000,
        "comprehensiveincomenetoftax": 18000000
    },
    {
        "date": "2018-06-29",
        "symbol": "WMG",
        "period": "Q3",
        "revenuefromcontractwithcustomerexcludingassessedtax": 958000000,
        "costofgoodsandservicessold": 531000000,
        "sellinggeneralandadministrativeexpense": 343000000,
        "amortizationofintangibleassets": 56000000,
        "costsandexpenses": 930000000,
        "operatingincomeloss": 28000000,
        "gainslossesonextinguishmentofdebt": -7000000,
        "interestincomeexpensenonoperatingnet": -33000000,
        "othernonoperatingincomeexpense": 394000000,
        "incomelossfromcontinuingoperationsbeforeincometaxesextraordinaryitemsnoncontrollinginterest": -640000000,
        "incometaxexpensebenefit": 61000000,
        "incomelossfromcontinuingoperationsincludingportionattributabletononcontrollinginterest": -640000000,
        "netincomelossattributabletononcontrollinginterest": 1000000,
        "netincomeloss": -640000000,
        "depreciation": 4000000,
        "othercomprehensiveincomelossforeigncurrencytransactionandtranslationadjustmentnetoftax": 62000000,
        "othercomprehensiveincomeunrealizedgainlossonderivativesarisingduringperiodnetoftax": 6000000,
        "othercomprehensiveincomelossnetoftax": 68000000,
        "comprehensiveincomenetoftaxincludingportionattributabletononcontrollinginterest": -572000000,
        "comprehensiveincomenetoftaxattributabletononcontrollinginterest": 1000000,
        "comprehensiveincomenetoftax": -572000000
    },
    {
        "date": "2018-03-30",
        "symbol": "WMG",
        "period": "Q2",
        "revenues": 963000000,
        "costofrevenue": 488000000,
        "sellinggeneralandadministrativeexpense": 337000000,
        "amortizationofintangibleassets": 55000000,
        "costsandexpenses": 880000000,
        "operatingincomeloss": 83000000,
        "gainslossesonextinguishmentofdebt": -23000000,
        "interestincomeexpensenonoperatingnet": -36000000,
        "othernonoperatingincomeexpense": -6000000,
        "incomelossfromcontinuingoperationsbeforeincometaxesextraordinaryitemsnoncontrollinginterest": 6000000,
        "incometaxexpensebenefit": 19000000,
        "incomelossfromcontinuingoperationsincludingportionattributabletononcontrollinginterest": 6000000,
        "netincomelossattributabletononcontrollinginterest": 2000000,
        "netincomeloss": 6000000,
        "depreciation": 3000000,
        "othercomprehensiveincomelossforeigncurrencytransactionandtranslationadjustmentnetoftax": -18000000,
        "othercomprehensiveincomeunrealizedgainlossonderivativesarisingduringperiodnetoftax": -2000000,
        "othercomprehensiveincomelossnetoftax": -20000000,
        "comprehensiveincomenetoftaxincludingportionattributabletononcontrollinginterest": -14000000,
        "comprehensiveincomenetoftaxattributabletononcontrollinginterest": 2000000,
        "comprehensiveincomenetoftax": -14000000
    },
    {
        "date": "2017-12-30",
        "symbol": "WMG",
        "period": "Q1",
        "revenues": 1045000000,
        "costofrevenue": 569000000,
        "sellinggeneralandadministrativeexpense": 333000000,
        "amortizationofintangibleassets": 53000000,
        "costsandexpenses": 955000000,
        "operatingincomeloss": 90000000,
        "gainslossesonextinguishmentofdebt": -1000000,
        "interestincomeexpensenonoperatingnet": -36000000,
        "othernonoperatingincomeexpense": 4000000,
        "incomelossfromcontinuingoperationsbeforeincometaxesextraordinaryitemsnoncontrollinginterest": -8000000,
        "incometaxexpensebenefit": 52000000,
        "incomelossfromcontinuingoperationsincludingportionattributabletononcontrollinginterest": -8000000,
        "netincomelossattributabletononcontrollinginterest": 1000000,
        "netincomeloss": -8000000,
        "depreciation": 3000000,
        "othercomprehensiveincomelossforeigncurrencytransactionandtranslationadjustmentnetoftax": -18000000,
        "othercomprehensiveincomeunrealizedgainlossonderivativesarisingduringperiodnetoftax": -2000000,
        "othercomprehensiveincomelossnetoftax": -20000000,
        "comprehensiveincomenetoftaxincludingportionattributabletononcontrollinginterest": -28000000,
        "comprehensiveincomenetoftaxattributabletononcontrollinginterest": 1000000,
        "comprehensiveincomenetoftax": -28000000
    },
    {
        "date": "2017-06-29",
        "symbol": "WMG",
        "period": "Q3",
        "revenues": 917000000,
        "costofrevenue": 519000000,
        "sellinggeneralandadministrativeexpense": 296000000,
        "amortizationofintangibleassets": 51000000,
        "costsandexpenses": 866000000,
        "operatingincomeloss": 51000000,
        "gainslossesonextinguishmentofdebt": -3000000,
        "interestincomeexpensenonoperatingnet": -36000000,
        "othernonoperatingincomeexpense": -21000000,
        "incomelossfromcontinuingoperationsbeforeincometaxesextraordinaryitemsnoncontrollinginterest": -282000000,
        "incometaxexpensebenefit": -152000000,
        "incomelossfromcontinuingoperationsincludingportionattributabletononcontrollinginterest": -282000000,
        "netincomelossattributabletononcontrollinginterest": 2000000,
        "netincomeloss": -282000000,
        "depreciation": 4000000,
        "othercomprehensiveincomelossforeigncurrencytransactionandtranslationadjustmentnetoftax": -56000000,
        "othercomprehensiveincomeunrealizedgainlossonderivativesarisingduringperiodnetoftax": -2000000,
        "othercomprehensiveincomelossnetoftax": -58000000,
        "comprehensiveincomenetoftaxincludingportionattributabletononcontrollinginterest": -340000000,
        "comprehensiveincomenetoftaxattributabletononcontrollinginterest": 2000000,
        "comprehensiveincomenetoftax": -340000000
    },
    {
        "date": "2017-03-30",
        "symbol": "WMG",
        "period": "Q2",
        "revenues": 825000000,
        "costofrevenue": 415000000,
        "sellinggeneralandadministrativeexpense": 282000000,
        "amortizationofintangibleassets": 50000000,
        "costsandexpenses": 747000000,
        "operatingincomeloss": 78000000,
        "interestincomeexpensenonoperatingnet": -36000000,
        "othernonoperatingincomeexpense": -19000000,
        "incomelossfromcontinuingoperationsbeforeincometaxesextraordinaryitemsnoncontrollinginterest": -38000000,
        "incometaxexpensebenefit": 3000000,
        "incomelossfromcontinuingoperationsincludingportionattributabletononcontrollinginterest": -38000000,
        "netincomelossattributabletononcontrollinginterest": 1000000,
        "netincomeloss": -38000000,
        "depreciation": 3000000,
        "othercomprehensiveincomelossforeigncurrencytransactionandtranslationadjustmentnetoftax": -48000000,
        "othercomprehensiveincomeunrealizedgainlossonderivativesarisingduringperiodnetoftax": -2000000,
        "othercomprehensiveincomelossnetoftax": -50000000,
        "comprehensiveincomenetoftaxincludingportionattributabletononcontrollinginterest": -88000000,
        "comprehensiveincomenetoftaxattributabletononcontrollinginterest": 1000000,
        "comprehensiveincomenetoftax": -88000000
    },
    {
        "date": "2016-12-30",
        "symbol": "WMG",
        "period": "Q1",
        "revenues": 917000000,
        "costofrevenue": 496000000,
        "sellinggeneralandadministrativeexpense": 276000000,
        "amortizationofintangibleassets": 51000000,
        "costsandexpenses": 823000000,
        "operatingincomeloss": 94000000,
        "gainslossesonextinguishmentofdebt": -32000000,
        "interestincomeexpensenonoperatingnet": -40000000,
        "othernonoperatingincomeexpense": 19000000,
        "incomelossfromcontinuingoperationsbeforeincometaxesextraordinaryitemsnoncontrollinginterest": -44000000,
        "incometaxexpensebenefit": 17000000,
        "incomelossfromcontinuingoperationsincludingportionattributabletononcontrollinginterest": -44000000,
        "netincomelossattributabletononcontrollinginterest": 2000000,
        "netincomeloss": -44000000,
        "depreciation": 3000000,
        "othercomprehensiveincomelossforeigncurrencytransactionandtranslationadjustmentnetoftax": 74000000,
        "othercomprehensiveincomeunrealizedgainlossonderivativesarisingduringperiodnetoftax": 4000000,
        "othercomprehensiveincomelossnetoftax": 78000000,
        "comprehensiveincomenetoftaxincludingportionattributabletononcontrollinginterest": 34000000,
        "comprehensiveincomenetoftaxattributabletononcontrollinginterest": 2000000,
        "comprehensiveincomenetoftax": 34000000
    },
    {
        "date": "2016-06-29",
        "symbol": "WMG",
        "period": "Q3",
        "revenues": 811000000,
        "costofrevenue": 448000000,
        "sellinggeneralandadministrativeexpense": 255000000,
        "amortizationofintangibleassets": 63000000,
        "costsandexpenses": 766000000,
        "operatingincomeloss": 45000000,
        "interestincomeexpensenonoperatingnet": -4000000,
        "othernonoperatingincomeexpense": -5000000,
        "incomelossfromcontinuingoperationsbeforeincometaxesextraordinaryitemsnoncontrollinginterest": 14000000,
        "incometaxexpensebenefit": 4000000,
        "incomelossfromcontinuingoperationsincludingportionattributabletononcontrollinginterest": 14000000,
        "netincomelossattributabletononcontrollinginterest": 2000000,
        "netincomeloss": 14000000,
        "depreciation": 3000000,
        "othercomprehensiveincomelossforeigncurrencytransactionandtranslationadjustmentnetoftax": -9000000,
        "othercomprehensiveincomeunrealizedgainlossonderivativesarisingduringperiodnetoftax": -2000000,
        "othercomprehensiveincomelossnetoftax": -11000000,
        "comprehensiveincomenetoftaxincludingportionattributabletononcontrollinginterest": 3000000,
        "comprehensiveincomenetoftaxattributabletononcontrollinginterest": 2000000,
        "comprehensiveincomenetoftax": 3000000
    },
    {
        "date": "2016-03-30",
        "symbol": "WMG",
        "period": "Q2",
        "revenues": 745000000,
        "costofrevenue": 374000000,
        "sellinggeneralandadministrativeexpense": 256000000,
        "amortizationofintangibleassets": 63000000,
        "costsandexpenses": 693000000,
        "operatingincomeloss": 52000000,
        "gainlossondispositionofassets": 19000000,
        "interestincomeexpensenonoperatingnet": -5000000,
        "othernonoperatingincomeexpense": -1000000,
        "incomelossfromcontinuingoperationsbeforeincometaxesextraordinaryitemsnoncontrollinginterest": -32000000,
        "incometaxexpensebenefit": 15000000,
        "profitloss": -32000000,
        "netincomelossattributabletononcontrollinginterest": 1000000,
        "netincomeloss": -32000000,
        "depreciation": 3000000,
        "othercomprehensiveincomelossforeigncurrencytransactionandtranslationadjustmentnetoftax": 24000000,
        "othercomprehensiveincomeunrealizedgainlossonderivativesarisingduringperiodnetoftax": 2000000,
        "othercomprehensiveincomelossnetoftax": 26000000,
        "comprehensiveincomenetoftaxincludingportionattributabletononcontrollinginterest": -6000000,
        "comprehensiveincomenetoftaxattributabletononcontrollinginterest": 1000000,
        "comprehensiveincomenetoftax": -6000000
    },
    {
        "date": "2015-06-29",
        "symbol": "WMG",
        "period": "Q3",
        "revenues": 710000000,
        "costofrevenue": 373000000,
        "sellinggeneralandadministrativeexpense": 251000000,
        "amortizationofintangibleassets": 63000000,
        "costsandexpenses": 687000000,
        "operatingincomeloss": 23000000,
        "interestincomeexpensenonoperatingnet": -5000000,
        "othernonoperatingincomeexpense": -17000000,
        "incomelossfromcontinuingoperationsbeforeincometaxesextraordinaryitemsnoncontrollinginterest": 83000000,
        "incometaxexpensebenefit": 4000000,
        "profitloss": 83000000,
        "netincomelossattributabletononcontrollinginterest": 1000000,
        "netincomeloss": 83000000,
        "othercomprehensiveincomelossforeigncurrencytransactionandtranslationadjustmentnetoftax": -82000000,
        "othercomprehensiveincomelossnetoftax": -82000000,
        "comprehensiveincomenetoftaxincludingportionattributabletononcontrollinginterest": 1000000,
        "comprehensiveincomenetoftaxattributabletononcontrollinginterest": 1000000,
        "comprehensiveincomenetoftax": 1000000
    },
    {
        "date": "2015-03-30",
        "symbol": "WMG",
        "period": "Q2",
        "revenues": 677000000,
        "costofrevenue": 318000000,
        "sellinggeneralandadministrativeexpense": 252000000,
        "amortizationofintangibleassets": 63000000,
        "costsandexpenses": 633000000,
        "operatingincomeloss": 44000000,
        "interestincomeexpensenonoperatingnet": -6000000,
        "othernonoperatingincomeexpense": 14000000,
        "incomelossfromcontinuingoperationsbeforeincometaxesminorityinterestandincomelossfromequitymethodinvestments": 18000000,
        "incometaxexpensebenefit": -6000000,
        "profitloss": 18000000,
        "netincomelossattributabletononcontrollinginterest": 1000000,
        "netincomeloss": 18000000,
        "depreciation": 3000000,
        "othercomprehensiveincomelossforeigncurrencytransactionandtranslationadjustmentnetoftax": -56000000,
        "othercomprehensiveincomelossnetoftax": -56000000,
        "comprehensiveincomenetoftaxincludingportionattributabletononcontrollinginterest": -38000000,
        "comprehensiveincomenetoftaxattributabletononcontrollinginterest": 1000000,
        "comprehensiveincomenetoftax": -38000000
    },
    {
        "date": "2014-12-30",
        "symbol": "WMG",
        "period": "Q1",
        "revenues": 829000000,
        "costofrevenue": 445000000,
        "sellinggeneralandadministrativeexpense": 296000000,
        "amortizationofintangibleassets": 65000000,
        "costsandexpenses": 806000000,
        "operatingincomeloss": 23000000,
        "interestincomeexpensenonoperatingnet": -5000000,
        "othernonoperatingincomeexpense": -9000000,
        "incomelossfromcontinuingoperationsbeforeincometaxesminorityinterestandincomelossfromequitymethodinvestments": 79000000,
        "incometaxexpensebenefit": 9000000,
        "profitloss": 79000000,
        "netincomelossattributabletononcontrollinginterest": 1000000,
        "netincomeloss": 79000000,
        "depreciation": 3000000,
        "othercomprehensiveincomelossforeigncurrencytransactionandtranslationadjustmentnetoftax": 68000000,
        "othercomprehensiveincomelossnetoftax": 68000000,
        "comprehensiveincomenetoftaxincludingportionattributabletononcontrollinginterest": 147000000,
        "comprehensiveincomenetoftaxattributabletononcontrollinginterest": 1000000,
        "comprehensiveincomenetoftax": 147000000
    },
    {
        "date": "2014-06-29",
        "symbol": "WMG",
        "period": "Q3",
        "revenues": 788000000,
        "costofrevenue": 417000000,
        "sellinggeneralandadministrativeexpense": 319000000,
        "amortizationofintangibleassets": 67000000,
        "costsandexpenses": 803000000,
        "operatingincomeloss": -15000000,
        "gainslossesonextinguishmentofdebt": -141000000,
        "interestincomeexpensenonoperatingnet": -5000000,
        "othernonoperatingincomeexpense": 4000000,
        "incomelossfromcontinuingoperationsbeforeincometaxesminorityinterestandincomelossfromequitymethodinvestments": 365000000,
        "incometaxexpensebenefit": -16000000,
        "profitloss": 365000000,
        "netincomelossattributabletononcontrollinginterest": 1000000,
        "netincomeloss": 365000000,
        "costofgoodssolddepreciation": 3000000,
        "othercomprehensiveincomelossforeigncurrencytransactionandtranslationadjustmentnetoftax": -8000000,
        "othercomprehensiveincomelossnetoftax": -8000000,
        "comprehensiveincomenetoftaxincludingportionattributabletononcontrollinginterest": 357000000,
        "comprehensiveincomenetoftaxattributabletononcontrollinginterest": 1000000,
        "comprehensiveincomenetoftax": 357000000
    },
    {
        "date": "2014-03-31",
        "symbol": "WMG",
        "period": "Q2",
        "revenues": 653000000,
        "costofrevenue": 319000000,
        "sellinggeneralandadministrativeexpense": 273000000,
        "amortizationofintangibleassets": 66000000,
        "costsandexpenses": 658000000,
        "operatingincomeloss": -5000000,
        "interestincomeexpensenonoperatingnet": -6000000,
        "othernonoperatingincomeexpense": -3000000,
        "incomelossfromcontinuingoperationsbeforeincometaxesminorityinterestandincomelossfromequitymethodinvestments": 114000000,
        "incometaxexpensebenefit": -3000000,
        "profitloss": 114000000,
        "netincomelossattributabletononcontrollinginterest": 1000000,
        "netincomeloss": 114000000,
        "costofgoodssolddepreciation": 3000000,
        "othercomprehensiveincomelossforeigncurrencytransactionandtranslationadjustmentnetoftax": -4000000,
        "othercomprehensiveincomelossnetoftax": -4000000,
        "comprehensiveincomenetoftaxincludingportionattributabletononcontrollinginterest": 110000000,
        "comprehensiveincomenetoftaxattributabletononcontrollinginterest": 1000000,
        "comprehensiveincomenetoftax": 110000000
    },
    {
        "date": "2013-12-30",
        "symbol": "WMG",
        "period": "Q1",
        "revenues": 815000000,
        "costofrevenue": 441000000,
        "sellinggeneralandadministrativeexpense": 293000000,
        "amortizationofintangibleassets": 66000000,
        "costsandexpenses": 800000000,
        "operatingincomeloss": 15000000,
        "interestincomeexpensenonoperatingnet": -5000000,
        "othernonoperatingincomeexpense": -4000000,
        "incomelossfromcontinuingoperationsbeforeincometaxesminorityinterestandincomelossfromequitymethodinvestments": 69000000,
        "incometaxexpensebenefit": -8000000,
        "profitloss": 69000000,
        "netincomelossattributabletononcontrollinginterest": 1000000,
        "netincomeloss": 69000000,
        "costofgoodssolddepreciation": 3000000,
        "othercomprehensiveincomelossforeigncurrencytransactionandtranslationadjustmentnetoftax": 16000000,
        "othercomprehensiveincomelossnetoftax": 16000000,
        "comprehensiveincomenetoftaxincludingportionattributabletononcontrollinginterest": 85000000,
        "comprehensiveincomenetoftaxattributabletononcontrollinginterest": 1000000,
        "comprehensiveincomenetoftax": 85000000
    },
    {
        "date": "2013-06-30",
        "symbol": "WMG",
        "period": "Q3",
        "revenues": -5000000,
        "costofrevenue": 246000000,
        "sellinggeneralandadministrativeexpense": 122000000,
        "amortizationofintangibleassets": 16000000,
        "costsandexpenses": 386000000,
        "operatingincomeloss": -24000000,
        "gainslossesonextinguishmentofdebt": -2000000,
        "interestexpense": 4000000,
        "othernonoperatingincomeexpense": -2000000,
        "incomelossfromcontinuingoperationsbeforeincometaxesminorityinterestandincomelossfromequitymethodinvestments": 7000000,
        "incometaxexpensebenefit": 8000000,
        "profitloss": -1000000,
        "netincomelossattributabletononcontrollinginterest": 1000000,
        "netincomeloss": -2000000,
        "costofgoodssolddepreciation": 4000000,
        "othercomprehensiveincomelossforeigncurrencytransactionandtranslationadjustmentnetoftax": 4000000,
        "othercomprehensiveincomeunrealizedgainlossonderivativesarisingduringperiodnetoftax": -2000000,
        "othercomprehensiveincomelossnetoftax": 2000000,
        "comprehensiveincomenetoftaxincludingportionattributabletononcontrollinginterest": 1000000,
        "comprehensiveincomenetoftaxattributabletononcontrollinginterest": 1000000,
        "comprehensiveincomenetoftax": 45000000
    },
    {
        "date": "2013-03-31",
        "symbol": "WMG",
        "period": "Q2",
        "revenues": 127000000,
        "costofrevenue": 329000000,
        "sellinggeneralandadministrativeexpense": 242000000,
        "amortizationofintangibleassets": 15000000,
        "costsandexpenses": 618000000,
        "operatingincomeloss": 37000000,
        "gainslossesonextinguishmentofdebt": 166000000,
        "interestexpense": 5000000,
        "othernonoperatingincomeexpense": -4000000,
        "incomelossfromcontinuingoperationsbeforeincometaxesminorityinterestandincomelossfromequitymethodinvestments": 2000000,
        "incometaxexpensebenefit": 0,
        "profitloss": 2000000,
        "netincomelossattributabletononcontrollinginterest": 2000000,
        "netincomeloss": 2000000,
        "costofgoodssolddepreciation": 1000000,
        "othercomprehensiveincomelossforeigncurrencytransactionandtranslationadjustmentnetoftax": -14000000,
        "othercomprehensiveincomelossnetoftax": -14000000,
        "comprehensiveincomenetoftaxincludingportionattributabletononcontrollinginterest": 2000000,
        "othercomprehensiveincomelossnetoftaxportionattributabletononcontrollinginterest": 2000000,
        "comprehensiveincomenetoftax": 2000000
    },
    {
        "date": "2012-12-30",
        "symbol": "WMG",
        "period": "Q1",
        "revenues": 116000000,
        "costofrevenue": 408000000,
        "sellinggeneralandadministrativeexpense": 262000000,
        "amortizationofintangibleassets": 15000000,
        "costsandexpenses": 718000000,
        "operatingincomeloss": -1000000,
        "gainslossesonextinguishmentofdebt": -83000000,
        "interestexpense": 6000000,
        "othernonoperatingincomeexpense": -5000000,
        "incomelossfromcontinuingoperationsbeforeincometaxesminorityinterestandincomelossfromequitymethodinvestments": -80000000,
        "incometaxexpensebenefit": -11000000,
        "profitloss": -80000000,
        "netincomelossattributabletononcontrollinginterest": 1000000,
        "netincomeloss": -80000000,
        "costofgoodssolddepreciation": 2000000,
        "othercomprehensiveincomelossforeigncurrencytransactionandtranslationadjustmentnetoftax": 2000000,
        "othercomprehensiveincomelossnetoftax": 2000000,
        "comprehensiveincomenetoftaxincludingportionattributabletononcontrollinginterest": -80000000,
        "othercomprehensiveincomelossnetoftaxportionattributabletononcontrollinginterest": 1000000,
        "comprehensiveincomenetoftax": -80000000
    },
    {
        "date": "2012-09-29",
        "symbol": "WMG",
        "period": "Q4",
        "revenues": 731000000,
        "costofrevenue": 368000000,
        "sellinggeneralandadministrativeexpense": 274000000,
        "amortizationofintangibleassets": 48000000,
        "costsandexpenses": 690000000,
        "operatingincomeloss": 41000000,
        "interestexpense": 56000000,
        "othernonoperatingincomeexpense": 2000000,
        "incomelossfromcontinuingoperationsbeforeincometaxesminorityinterestandincomelossfromequitymethodinvestments": -13000000,
        "incometaxexpensebenefit": 4000000,
        "profitloss": -17000000,
        "netincomelossattributabletononcontrollinginterest": 1000000,
        "netincomeloss": -18000000
    },
    {
        "date": "2012-06-30",
        "symbol": "WMG",
        "period": "Q3",
        "revenues": 654000000,
        "costofrevenue": 356000000,
        "sellinggeneralandadministrativeexpense": 244000000,
        "amortizationofintangibleassets": 47000000,
        "costsandexpenses": 647000000,
        "operatingincomeloss": 7000000,
        "interestexpense": 56000000,
        "othernonoperatingincomeexpense": 6000000,
        "incomelossfromcontinuingoperationsbeforeincometaxesminorityinterestandincomelossfromequitymethodinvestments": -43000000,
        "incometaxexpensebenefit": -11000000,
        "profitloss": -32000000,
        "netincomeloss": -32000000,
        "costofgoodssolddepreciation": 62000000
    },
    {
        "date": "2012-03-31",
        "symbol": "WMG",
        "period": "Q2",
        "revenues": 628000000,
        "costofrevenue": 323000000,
        "sellinggeneralandadministrativeexpense": 233000000,
        "amortizationofintangibleassets": 50000000,
        "costsandexpenses": 606000000,
        "operatingincomeloss": 22000000,
        "interestexpense": 56000000,
        "othernonoperatingincomeexpense": 2000000,
        "incomelossfromcontinuingoperationsbeforeincometaxesminorityinterestandincomelossfromequitymethodinvestments": -32000000,
        "incometaxexpensebenefit": 2000000,
        "profitloss": -34000000,
        "netincomelossattributabletononcontrollinginterest": 2000000,
        "netincomeloss": -36000000,
        "costofgoodssolddepreciation": -13000000
    },
    {
        "date": "2011-12-30",
        "symbol": "WMG",
        "period": "Q1",
        "revenues": 779000000,
        "costofrevenue": 424000000,
        "sellinggeneralandadministrativeexpense": 268000000,
        "amortizationofintangibleassets": 48000000,
        "costsandexpenses": 740000000,
        "operatingincomeloss": 39000000,
        "interestexpense": 57000000,
        "othernonoperatingincomeexpense": -2000000,
        "incomelossfromcontinuingoperationsbeforeincometaxesminorityinterestandincomelossfromequitymethodinvestments": -20000000,
        "incometaxexpensebenefit": 6000000,
        "profitloss": -26000000,
        "netincomeloss": -26000000,
        "costofgoodssolddepreciation": -12000000
    },
    {
        "date": "2011-09-29",
        "symbol": "WMG",
        "period": "Q4",
        "revenues": 554000000,
        "costofrevenue": 286000000,
        "sellinggeneralandadministrativeexpense": 186000000,
        "mergercosts": 10000000,
        "amortizationofintangibleassets": 38000000,
        "costsandexpenses": 520000000,
        "operatingincomeloss": 34000000,
        "interestexpense": 62000000,
        "incomelossfromcontinuingoperationsbeforeincometaxesminorityinterestandincomelossfromequitymethodinvestments": -28000000,
        "incometaxexpensebenefit": 3000000,
        "profitloss": -31000000,
        "netincomeloss": -31000000,
        "costofgoodssolddepreciation": -9000000
    }
]