[
    {
        "date": "2024-09-29",
        "symbol": "KDP",
        "period": "Q3",
        "revenuefromcontractwithcustomerexcludingassessedtax": 3891000000,
        "costofgoodsandservicessold": 1751000000,
        "grossprofit": 2140000000,
        "sellinggeneralandadministrativeexpense": 1245000000,
        "otheroperatingincomeexpensenet": 7000000,
        "operatingincomeloss": 902000000,
        "interestincomeexpensenet": -106000000,
        "othernonoperatingincomeexpense": 6000000,
        "incomelossfromcontinuingoperationsbeforeincometaxesextraordinaryitemsnoncontrollinginterest": 802000000,
        "incometaxexpensebenefit": 186000000,
        "netincomeloss": 616000000,
        "earningspersharebasic": 0.45,
        "earningspersharediluted": 0.45,
        "weightedaveragenumberofsharesoutstandingbasic": 1356200000,
        "weightedaveragenumberofdilutedsharesoutstanding": 1361900000,
        "othercomprehensiveincomelossforeigncurrencytransactionandtranslationadjustmentnetoftax": -69000000,
        "othercomprehensiveincomelosscashflowhedgegainlossafterreclassificationandtax": 6000000,
        "othercomprehensiveincomelossnetoftax": -63000000,
        "comprehensiveincomenetoftax": 553000000,
        "othercomprehensiveincomelosscashflowhedgegainlossafterreclassificationtax": 2000000
    },
    {
        "date": "2024-06-29",
        "symbol": "KDP",
        "period": "Q2",
        "revenuefromcontractwithcustomerexcludingassessedtax": 3922000000,
        "costofgoodsandservicessold": 1750000000,
        "grossprofit": 2172000000,
        "sellinggeneralandadministrativeexpense": 1295000000,
        "otheroperatingincomeexpensenet": -16000000,
        "operatingincomeloss": 861000000,
        "interestincomeexpensenet": -204000000,
        "othernonoperatingincomeexpense": 15000000,
        "incomelossfromcontinuingoperationsbeforeincometaxesextraordinaryitemsnoncontrollinginterest": 672000000,
        "incometaxexpensebenefit": 157000000,
        "netincomeloss": 515000000,
        "earningspersharebasic": 0.38,
        "earningspersharediluted": 0.38,
        "weightedaveragenumberofsharesoutstandingbasic": 1355600000,
        "weightedaveragenumberofdilutedsharesoutstanding": 1361200000,
        "othercomprehensiveincomelossforeigncurrencytransactionandtranslationadjustmentnetoftax": -201000000,
        "othercomprehensiveincomelosscashflowhedgegainlossafterreclassificationandtax": 21000000,
        "othercomprehensiveincomelossnetoftax": -180000000,
        "comprehensiveincomenetoftax": 335000000,
        "othercomprehensiveincomelosscashflowhedgegainlossafterreclassificationtax": 1000000
    },
    {
        "date": "2023-06-29",
        "symbol": "KDP",
        "period": "Q2",
        "revenuefromcontractwithcustomerexcludingassessedtax": 3789000000,
        "costofgoodsandservicessold": 1748000000,
        "grossprofit": 2041000000,
        "sellinggeneralandadministrativeexpense": 1272000000,
        "otheroperatingincomeexpensenet": 0,
        "operatingincomeloss": 769000000,
        "interestincomeexpensenet": -172000000,
        "othernonoperatingincomeexpense": 16000000,
        "incomelossfromcontinuingoperationsbeforeincometaxesextraordinaryitemsnoncontrollinginterest": 613000000,
        "incometaxexpensebenefit": 110000000,
        "profitloss": 503000000,
        "netincomeloss": 503000000,
        "earningspersharebasic": 0.35999999999999993,
        "earningspersharediluted": 0.35999999999999993,
        "weightedaveragenumberofsharesoutstandingbasic": -3000000,
        "weightedaveragenumberofdilutedsharesoutstanding": -3900000,
        "othercomprehensiveincomelossforeigncurrencytransactionandtranslationadjustmentnetoftax": 159000000,
        "othercomprehensiveincomelosscashflowhedgegainlossafterreclassificationandtax": -17000000,
        "othercomprehensiveincomelossnetoftax": 142000000,
        "comprehensiveincomenetoftaxincludingportionattributabletononcontrollinginterest": 645000000,
        "comprehensiveincomenetoftax": 645000000,
        "othercomprehensiveincomelosscashflowhedgegainlossafterreclassificationtax": 3000000
    },
    {
        "date": "2023-03-30",
        "symbol": "KDP",
        "period": "Q1",
        "revenuefromcontractwithcustomerexcludingassessedtax": 3353000000,
        "costofgoodsandservicessold": 1609000000,
        "grossprofit": 1744000000,
        "sellinggeneralandadministrativeexpense": 1165000000,
        "otheroperatingincomeexpensenet": 5000000,
        "operatingincomeloss": 584000000,
        "interestincomeexpensenet": -23000000,
        "othernonoperatingincomeexpense": 20000000,
        "incomelossfromcontinuingoperationsbeforeincometaxesextraordinaryitemsnoncontrollinginterest": 581000000,
        "incometaxexpensebenefit": 114000000,
        "profitloss": 467000000,
        "netincomeloss": 467000000,
        "earningspersharebasic": 0.33,
        "earningspersharediluted": 0.33,
        "weightedaveragenumberofsharesoutstandingbasic": 1406200000,
        "weightedaveragenumberofdilutedsharesoutstanding": 1417000000,
        "othercomprehensiveincomelossforeigncurrencytransactionandtranslationadjustmentnetoftax": 108000000,
        "othercomprehensiveincomelosscashflowhedgegainlossafterreclassificationandtax": -82000000,
        "othercomprehensiveincomelossnetoftax": 26000000,
        "comprehensiveincomenetoftaxincludingportionattributabletononcontrollinginterest": 493000000,
        "comprehensiveincomenetoftax": 493000000,
        "othercomprehensiveincomelosscashflowhedgegainlossafterreclassificationtax": 21000000
    },
    {
        "date": "2022-09-29",
        "symbol": "KDP",
        "period": "Q3",
        "revenuefromcontractwithcustomerexcludingassessedtax": 3622000000,
        "costofgoodsandservicessold": 1721000000,
        "grossprofit": 1901000000,
        "sellinggeneralandadministrativeexpense": 1196000000,
        "operatingincomeloss": 394000000,
        "interestincomeexpensenet": -207000000,
        "gainslossesonextinguishmentofdebt": 0,
        "gainlossoninvestmentandnotereceivableofunconsolidatedaffiliate": 0,
        "othernonoperatingincomeexpense": -4000000,
        "incomelossfromcontinuingoperationsbeforeincometaxesextraordinaryitemsnoncontrollinginterest": 183000000,
        "incometaxexpensebenefit": 4000000,
        "profitloss": 179000000,
        "netincomeloss": 180000000,
        "earningspersharebasic": 0.12000000000000005,
        "earningspersharediluted": 0.12999999999999984,
        "weightedaveragenumberofsharesoutstandingbasic": -500000,
        "weightedaveragenumberofdilutedsharesoutstanding": -400000,
        "othercomprehensiveincomelossforeigncurrencytransactionandtranslationadjustmentnetoftax": -249000000,
        "othercomprehensiveincomelosscashflowhedgegainlossafterreclassificationandtax": 35000000,
        "othercomprehensiveincomelossnetoftax": -214000000,
        "comprehensiveincomenetoftaxincludingportionattributabletononcontrollinginterest": -35000000,
        "comprehensiveincomenetoftax": -35000000,
        "othercomprehensiveincomelosscashflowhedgegainlossafterreclassificationtax": 12000000
    },
    {
        "date": "2022-06-29",
        "symbol": "KDP",
        "period": "Q2",
        "revenuefromcontractwithcustomerexcludingassessedtax": 3554000000,
        "costofgoodsandservicessold": 1778000000,
        "grossprofit": 1776000000,
        "sellinggeneralandadministrativeexpense": 1204000000,
        "gainlossrelatedtolitigationsettlement": 0,
        "otheroperatingincomeexpensenet": 0,
        "operatingincomeloss": 572000000,
        "interestincomeexpensenet": -175000000,
        "gainslossesonextinguishmentofdebt": -169000000,
        "equitymethodinvestmentrealizedgainlossondisposal": 0,
        "gainlossoninvestmentandnotereceivableofunconsolidatedaffiliate": -6000000,
        "othernonoperatingincomeexpense": -9000000,
        "incomelossfromcontinuingoperationsbeforeincometaxesextraordinaryitemsnoncontrollinginterest": 213000000,
        "incometaxexpensebenefit": -5000000,
        "profitloss": 218000000,
        "netincomeloss": 218000000,
        "earningspersharebasic": 0.15999999999999998,
        "earningspersharediluted": 0.15000000000000008,
        "weightedaveragenumberofsharesoutstandingbasic": -400000,
        "weightedaveragenumberofdilutedsharesoutstanding": -500000,
        "othercomprehensiveincomelossforeigncurrencytransactionandtranslationadjustmentnetoftax": -133000000,
        "othercomprehensiveincomelosscashflowhedgegainlossafterreclassificationandtax": 126000000,
        "othercomprehensiveincomelossnetoftax": -10000000,
        "comprehensiveincomenetoftaxincludingportionattributabletononcontrollinginterest": 208000000,
        "comprehensiveincomenetoftax": 208000000,
        "othercomprehensiveincomelosscashflowhedgegainlossafterreclassificationtax": 38000000
    },
    {
        "date": "2022-03-30",
        "symbol": "KDP",
        "period": "Q1",
        "revenuefromcontractwithcustomerexcludingassessedtax": 3078000000,
        "costofgoodsandservicessold": 1428000000,
        "grossprofit": 1650000000,
        "sellinggeneralandadministrativeexpense": 1018000000,
        "gainlossrelatedtolitigationsettlement": 299000000,
        "otheroperatingincomeexpensenet": 35000000,
        "operatingincomeloss": 966000000,
        "interestincomeexpensenet": -188000000,
        "gainslossesonextinguishmentofdebt": -48000000,
        "equitymethodinvestmentrealizedgainlossondisposal": 50000000,
        "gainlossoninvestmentandnotereceivableofunconsolidatedaffiliate": -6000000,
        "othernonoperatingincomeexpense": -9000000,
        "incomelossfromcontinuingoperationsbeforeincometaxesextraordinaryitemsnoncontrollinginterest": 765000000,
        "incometaxexpensebenefit": 180000000,
        "profitloss": 585000000,
        "netincomeloss": 585000000,
        "earningspersharebasic": 0.41,
        "earningspersharediluted": 0.41,
        "weightedaveragenumberofsharesoutstandingbasic": 1418200000,
        "weightedaveragenumberofdilutedsharesoutstanding": 1429700000,
        "othercomprehensiveincomelossforeigncurrencytransactionandtranslationadjustmentnetoftax": 99000000,
        "othercomprehensiveincomelosscashflowhedgegainlossafterreclassificationandtax": 142000000,
        "othercomprehensiveincomelossnetoftax": 241000000,
        "comprehensiveincomenetoftaxincludingportionattributabletononcontrollinginterest": 826000000,
        "comprehensiveincomenetoftax": 826000000,
        "othercomprehensiveincomelosscashflowhedgegainlossafterreclassificationtax": 48000000
    },
    {
        "date": "2021-03-30",
        "symbol": "KDP",
        "period": "Q1",
        "revenuefromcontractwithcustomerexcludingassessedtax": 2902000000,
        "costofgoodsandservicessold": 1302000000,
        "grossprofit": 1600000000,
        "sellinggeneralandadministrativeexpense": 961000000,
        "otheroperatingincomeexpensenet": 1000000,
        "operatingincomeloss": 640000000,
        "interestincomeexpensenet": -140000000,
        "gainslossesonextinguishmentofdebt": -105000000,
        "othernonoperatingincomeexpense": 3000000,
        "incomelossfromcontinuingoperationsbeforeincometaxesminorityinterestandincomelossfromequitymethodinvestments": 398000000,
        "incometaxexpensebenefit": 73000000,
        "profitloss": 325000000,
        "netincomeloss": 325000000,
        "earningspersharebasic": 0.23,
        "earningspersharediluted": 0.23,
        "weightedaveragenumberofsharesoutstandingbasic": 1409200000,
        "weightedaveragenumberofdilutedsharesoutstanding": 1425600000,
        "othercomprehensiveincomelossforeigncurrencytransactionandtranslationadjustmentnetoftax": 16000000,
        "othercomprehensiveincomelosscashflowhedgegainlossafterreclassificationandtax": 71000000,
        "othercomprehensiveincomelossnetoftax": 87000000,
        "comprehensiveincomenetoftaxincludingportionattributabletononcontrollinginterest": 412000000,
        "comprehensiveincomenetoftax": 412000000,
        "othercomprehensiveincomelosscashflowhedgegainlossafterreclassificationtax": 22000000
    },
    {
        "date": "2020-09-29",
        "symbol": "KDP",
        "period": "Q3",
        "revenuefromcontractwithcustomerexcludingassessedtax": 3020000000,
        "costofgoodsandservicessold": 1316000000,
        "grossprofit": 1704000000,
        "sellinggeneralandadministrativeexpense": 949000000,
        "operatingincomeloss": 753000000,
        "interestincomeexpensenet": -148000000,
        "gainslossesonextinguishmentofdebt": 0,
        "othernonoperatingincomeexpense": -5000000,
        "incomelossfromcontinuingoperationsbeforeincometaxesminorityinterestandincomelossfromequitymethodinvestments": 584000000,
        "incometaxexpensebenefit": 141000000,
        "netincomeloss": 443000000,
        "earningspersharebasic": 0.32,
        "earningspersharediluted": 0.31,
        "weightedaveragenumberofsharesoutstandingbasic": 100000,
        "weightedaveragenumberofdilutedsharesoutstanding": 700000
    },
    {
        "date": "2020-06-29",
        "symbol": "KDP",
        "period": "Q2",
        "comprehensiveincomenetoftaxincludingportionattributabletononcontrollinginterest": 450000000,
        "revenuefromcontractwithcustomerexcludingassessedtax": 2864000000,
        "costofgoodsandservicessold": 1302000000,
        "grossprofit": 1562000000,
        "sellinggeneralandadministrativeexpense": 1001000000,
        "otheroperatingincomeexpensenet": 0,
        "operatingincomeloss": 561000000,
        "interestincomeexpensenet": -157000000,
        "gainslossesonextinguishmentofdebt": -2000000,
        "impairmentoninvestmentandnotereceivableofunconsolidatedaffiliate": 0,
        "othernonoperatingincomeexpense": 4000000,
        "incomelossfromcontinuingoperationsbeforeincometaxesminorityinterestandincomelossfromequitymethodinvestments": 406000000,
        "incometaxexpensebenefit": 108000000,
        "netincomeloss": 298000000,
        "earningspersharebasic": 0.21000000000000002,
        "earningspersharediluted": 0.21000000000000002,
        "weightedaveragenumberofsharesoutstandingbasic": 100000,
        "weightedaveragenumberofdilutedsharesoutstanding": 700000
    },
    {
        "date": "2020-03-30",
        "symbol": "KDP",
        "period": "Q1",
        "comprehensiveincomenetoftaxincludingportionattributabletononcontrollinginterest": -428000000,
        "revenuefromcontractwithcustomerexcludingassessedtax": 2613000000,
        "costofgoodsandservicessold": 1161000000,
        "grossprofit": 1452000000,
        "sellinggeneralandadministrativeexpense": 1028000000,
        "otheroperatingincomeexpensenet": 42000000,
        "operatingincomeloss": 466000000,
        "interestincomeexpensenet": -153000000,
        "gainslossesonextinguishmentofdebt": -2000000,
        "impairmentoninvestmentandnotereceivableofunconsolidatedaffiliate": -86000000,
        "othernonoperatingincomeexpense": -20000000,
        "incomelossfromcontinuingoperationsbeforeincometaxesminorityinterestandincomelossfromequitymethodinvestments": 205000000,
        "incometaxexpensebenefit": 49000000,
        "netincomeloss": 156000000,
        "earningspersharebasic": 0.11,
        "earningspersharediluted": 0.11,
        "weightedaveragenumberofsharesoutstandingbasic": 1407000000,
        "weightedaveragenumberofdilutedsharesoutstanding": 1420100000
    },
    {
        "date": "2019-03-30",
        "symbol": "KDP",
        "period": "Q1",
        "comprehensiveincomenetoftaxincludingportionattributabletononcontrollinginterest": -550000000,
        "revenuefromcontractwithcustomerexcludingassessedtax": 1116000000,
        "costofgoodsandservicessold": -44000000,
        "grossprofit": 559000000,
        "sellinggeneralandadministrativeexpense": 4000000,
        "otheroperatingincomeexpensenet": 1000000,
        "operatingincomeloss": 149000000,
        "interestincomeexpensenet": -169000000,
        "gainslossesonextinguishmentofdebt": 1000000,
        "othernonoperatingincomeexpense": -64000000,
        "incomelossfromcontinuingoperationsbeforeincometaxesminorityinterestandincomelossfromequitymethodinvestments": -201000000,
        "incometaxexpensebenefit": -49000000,
        "profitloss": -382000000,
        "netincomeloss": 230000000,
        "earningspersharebasic": 0.16,
        "earningspersharediluted": 0.16,
        "weightedaveragenumberofsharesoutstandingbasic": 1406300000,
        "weightedaveragenumberofdilutedsharesoutstanding": 1417700000
    },
    {
        "date": "2018-03-30",
        "symbol": "KDP",
        "period": "Q1",
        "comprehensiveincomenetoftax": -247000000,
        "salesrevenuenet": 113000000,
        "costofgoodssold": -32000000,
        "grossprofit": 69000000,
        "sellinggeneralandadministrativeexpense": 50000000,
        "depreciationandamortization": 2000000,
        "otheroperatingincomeexpensenet": -1000000,
        "operatingincomeloss": 17000000,
        "interestexpense": -66000000,
        "investmentincomeinterest": -66000000,
        "othernonoperatingincomeexpense": 2000000,
        "incomelossfromcontinuingoperationsbeforeincometaxesminorityinterestandincomelossfromequitymethodinvestments": -57000000,
        "incometaxexpensebenefit": -13000000,
        "incomelossfromcontinuingoperations": -44000000,
        "incomelossfromequitymethodinvestments": -6000000,
        "netincomeloss": 159000000,
        "earningspersharebasic": 0.88,
        "earningspersharediluted": 0.88,
        "weightedaveragenumberofsharesoutstandingbasic": 179900000,
        "weightedaveragenumberofdilutedsharesoutstanding": 180800000,
        "commonstockdividendspersharedeclared": 0.58
    },
    {
        "date": "2017-09-29",
        "symbol": "KDP",
        "period": "Q3",
        "comprehensiveincomenetoftax": -279000000,
        "salesrevenuenet": 1273000000,
        "costofgoodssold": -36000000,
        "grossprofit": 85000000,
        "sellinggeneralandadministrativeexpense": 2000000,
        "depreciationandamortization": 2000000,
        "otheroperatingincomeexpensenet": 0,
        "operatingincomeloss": -2000000,
        "interestexpense": -53000000,
        "investmentincomeinterest": -53000000,
        "othernonoperatingincomeexpense": 1000000,
        "incomelossfromcontinuingoperationsbeforeincometaxesminorityinterestandincomelossfromequitymethodinvestments": -66000000,
        "incometaxexpensebenefit": -59000000,
        "incomelossfromcontinuingoperations": -42000000,
        "netincomeloss": 666000000,
        "earningspersharebasic": 1.1199999999999999,
        "earningspersharediluted": 1.1099999999999999,
        "weightedaveragenumberofsharesoutstandingbasic": -183900000,
        "weightedaveragenumberofdilutedsharesoutstanding": -184800000,
        "commonstockdividendspersharedeclared": 0.5800000000000002
    },
    {
        "date": "2017-06-29",
        "symbol": "KDP",
        "period": "Q2",
        "comprehensiveincomenetoftax": -298000000,
        "salesrevenuenet": 1302000000,
        "costofgoodssold": -43000000,
        "grossprofit": 90000000,
        "sellinggeneralandadministrativeexpense": 1000000,
        "depreciationandamortization": 2000000,
        "otheroperatingincomeexpensenet": 2000000,
        "operatingincomeloss": -1000000,
        "interestexpense": -48000000,
        "investmentincomeinterest": -48000000,
        "gainslossesonextinguishmentofdebt": -49000000,
        "othernonoperatingincomeexpense": 2000000,
        "incomelossfromcontinuingoperationsbeforeincometaxesminorityinterestandincomelossfromequitymethodinvestments": -102000000,
        "incometaxexpensebenefit": -1000000,
        "incomelossfromcontinuingoperations": -64000000,
        "incomelossfromequitymethodinvestments": -1000000,
        "netincomeloss": -275000000,
        "earningspersharebasic": 1.02,
        "earningspersharediluted": 1.02,
        "weightedaveragenumberofsharesoutstandingbasic": 183200000,
        "weightedaveragenumberofdilutedsharesoutstanding": 183700000,
        "commonstockdividendspersharedeclared": 0.58
    },
    {
        "date": "2017-03-30",
        "symbol": "KDP",
        "period": "Q1",
        "comprehensiveincomenetoftax": -257000000,
        "salesrevenuenet": 1118000000,
        "costofgoodssold": -33000000,
        "grossprofit": 60000000,
        "sellinggeneralandadministrativeexpense": 2000000,
        "depreciationandamortization": 2000000,
        "otheroperatingincomeexpensenet": 28000000,
        "operatingincomeloss": -2000000,
        "interestexpense": -42000000,
        "investmentincomeinterest": -42000000,
        "othernonoperatingincomeexpense": 4000000,
        "incomelossfromcontinuingoperationsbeforeincometaxesminorityinterestandincomelossfromequitymethodinvestments": -45000000,
        "incometaxexpensebenefit": -18000000,
        "incomelossfromcontinuingoperations": -29000000,
        "netincomeloss": 177000000,
        "earningspersharebasic": 0.97,
        "earningspersharediluted": 0.96,
        "weightedaveragenumberofsharesoutstandingbasic": 183400000,
        "weightedaveragenumberofdilutedsharesoutstanding": 184600000,
        "commonstockdividendspersharedeclared": 0.58
    },
    {
        "date": "2016-09-29",
        "symbol": "KDP",
        "period": "Q3",
        "comprehensiveincomenetoftax": -272000000,
        "salesrevenuenet": 1236000000,
        "costofgoodssold": -34000000,
        "grossprofit": 82000000,
        "sellinggeneralandadministrativeexpense": 1000000,
        "depreciationandamortization": 2000000,
        "otheroperatingincomeexpensenet": 4000000,
        "operatingincomeloss": -1000000,
        "interestexpense": -42000000,
        "investmentincomeinterest": -42000000,
        "othernonoperatingincomeexpense": -12000000,
        "incomelossfromcontinuingoperationsbeforeincometaxesminorityinterestandincomelossfromequitymethodinvestments": -57000000,
        "incometaxexpensebenefit": -21000000,
        "incomelossfromcontinuingoperations": -36000000,
        "incomelossfromequitymethodinvestments": 1000000,
        "netincomeloss": -300000000,
        "earningspersharebasic": 1.3,
        "earningspersharediluted": 1.29,
        "weightedaveragenumberofsharesoutstandingbasic": 184800000,
        "weightedaveragenumberofdilutedsharesoutstanding": 185700000,
        "commonstockdividendspersharedeclared": 0.53
    },
    {
        "date": "2016-06-29",
        "symbol": "KDP",
        "period": "Q2",
        "comprehensiveincomenetoftax": -282000000,
        "salesrevenuenet": 1225000000,
        "costofgoodssold": -61000000,
        "grossprofit": 95000000,
        "sellinggeneralandadministrativeexpense": 1000000,
        "depreciationandamortization": 2000000,
        "otheroperatingincomeexpensenet": 1000000,
        "operatingincomeloss": -1000000,
        "interestexpense": -39000000,
        "investmentincomeinterest": -39000000,
        "othernonoperatingincomeexpense": 1000000,
        "incomelossfromcontinuingoperationsbeforeincometaxesminorityinterestandincomelossfromequitymethodinvestments": -42000000,
        "incometaxexpensebenefit": -16000000,
        "incomelossfromcontinuingoperations": -26000000,
        "netincomeloss": -316000000,
        "earningspersharebasic": 1.4,
        "earningspersharediluted": 1.39,
        "weightedaveragenumberofsharesoutstandingbasic": 185700000,
        "weightedaveragenumberofdilutedsharesoutstanding": 186500000,
        "commonstockdividendspersharedeclared": 0.53
    },
    {
        "date": "2016-03-30",
        "symbol": "KDP",
        "period": "Q1",
        "comprehensiveincomenetoftax": 190000000,
        "salesrevenuenet": 1097000000,
        "costofgoodssold": 58000000,
        "grossprofit": 66000000,
        "sellinggeneralandadministrativeexpense": 49000000,
        "depreciationandamortization": 1000000,
        "operatingincomeloss": 16000000,
        "interestexpense": 53000000,
        "investmentincomeinterest": 13000000,
        "othernonoperatingincomeexpense": 2000000,
        "incomelossfromcontinuingoperationsbeforeincometaxesminorityinterestandincomelossfromequitymethodinvestments": -38000000,
        "incometaxexpensebenefit": -14000000,
        "incomelossfromcontinuingoperations": -24000000,
        "netincomeloss": 182000000,
        "earningspersharebasic": 0.97,
        "earningspersharediluted": 0.96,
        "weightedaveragenumberofsharesoutstandingbasic": 187600000,
        "weightedaveragenumberofdilutedsharesoutstanding": 189000000,
        "commonstockdividendspersharedeclared": 0.53
    },
    {
        "date": "2015-09-29",
        "symbol": "KDP",
        "period": "Q3",
        "comprehensiveincomenetoftax": 161000000,
        "salesrevenuenet": 1193000000,
        "costofgoodssold": 77000000,
        "grossprofit": 89000000,
        "sellinggeneralandadministrativeexpense": -2000000,
        "depreciationandamortization": 2000000,
        "otheroperatingincomeexpensenet": -2000000,
        "operatingincomeloss": 2000000,
        "interestexpense": 26000000,
        "investmentincomeinterest": 11000000,
        "othernonoperatingincomeexpense": -2000000,
        "incomelossfromcontinuingoperationsbeforeincometaxesminorityinterestandincomelossfromequitymethodinvestments": -15000000,
        "incometaxexpensebenefit": -6000000,
        "incomelossfromcontinuingoperations": -9000000,
        "netincomeloss": 202000000,
        "earningspersharebasic": 1.06,
        "earningspersharediluted": 1.05,
        "weightedaveragenumberofsharesoutstandingbasic": 190400000,
        "weightedaveragenumberofdilutedsharesoutstanding": 191500000,
        "commonstockdividendspersharedeclared": 0.48
    },
    {
        "date": "2015-06-29",
        "symbol": "KDP",
        "period": "Q2",
        "comprehensiveincomenetoftax": 233000000,
        "salesrevenuenet": 1188000000,
        "costofgoodssold": 85000000,
        "grossprofit": 96000000,
        "sellinggeneralandadministrativeexpense": 57000000,
        "depreciationandamortization": 1000000,
        "operatingincomeloss": 38000000,
        "interestexpense": 26000000,
        "investmentincomeinterest": 10000000,
        "othernonoperatingincomeexpense": -2000000,
        "incomelossfromcontinuingoperationsbeforeincometaxesminorityinterestandincomelossfromequitymethodinvestments": -16000000,
        "incometaxexpensebenefit": -6000000,
        "incomelossfromcontinuingoperations": -10000000,
        "netincomeloss": 220000000,
        "earningspersharebasic": 1.15,
        "earningspersharediluted": 1.14,
        "weightedaveragenumberofsharesoutstandingbasic": 191400000,
        "weightedaveragenumberofdilutedsharesoutstanding": 192400000,
        "commonstockdividendspersharedeclared": 0.48
    },
    {
        "date": "2015-03-30",
        "symbol": "KDP",
        "period": "Q1",
        "comprehensiveincomenetoftax": 132000000,
        "salesrevenuenet": 1053000000,
        "costofgoodssold": 71000000,
        "grossprofit": 67000000,
        "sellinggeneralandadministrativeexpense": 1000000,
        "depreciationandamortization": 2000000,
        "operatingincomeloss": -1000000,
        "interestexpense": 25000000,
        "investmentincomeinterest": 10000000,
        "othernonoperatingincomeexpense": 2000000,
        "incomelossfromcontinuingoperationsbeforeincometaxesminorityinterestandincomelossfromequitymethodinvestments": -14000000,
        "incometaxexpensebenefit": -5000000,
        "incomelossfromcontinuingoperations": -9000000,
        "netincomeloss": 157000000,
        "earningspersharebasic": 0.82,
        "earningspersharediluted": 0.81,
        "weightedaveragenumberofsharesoutstandingbasic": 193000000,
        "weightedaveragenumberofdilutedsharesoutstanding": 194600000,
        "commonstockdividendspersharedeclared": 0.48
    },
    {
        "date": "2014-09-29",
        "symbol": "KDP",
        "period": "Q3",
        "comprehensiveincomenetoftax": 307000000,
        "salesrevenuenet": -1603000000,
        "costofgoodssold": 1588000000,
        "grossprofit": -671000000,
        "sellinggeneralandadministrativeexpense": -113000000,
        "depreciationandamortization": -23000000,
        "otheroperatingincomeexpensenet": 0,
        "operatingincomeloss": 796000000,
        "interestexpense": 37000000,
        "investmentincomeinterest": -26000000,
        "othernonoperatingincomeexpense": 1000000,
        "incomelossfromcontinuingoperationsbeforeincometaxesminorityinterestandincomelossfromequitymethodinvestments": -456000000,
        "incometaxexpensebenefit": -76000000,
        "incomelossfromcontinuingoperations": -31000000,
        "netincomeloss": 158000000,
        "earningspersharebasic": 0.96,
        "earningspersharediluted": 0.95,
        "weightedaveragenumberofsharesoutstandingbasic": -198100000,
        "weightedaveragenumberofdilutedsharesoutstanding": -199500000,
        "commonstockdividendspersharedeclared": 0.4100000000000001
    },
    {
        "date": "2014-06-29",
        "symbol": "KDP",
        "period": "Q2",
        "comprehensiveincomenetoftax": -266000000,
        "salesrevenuenet": 1443000000,
        "costofgoodssold": -8000000,
        "grossprofit": 865000000,
        "sellinggeneralandadministrativeexpense": 62000000,
        "depreciationandamortization": 2000000,
        "otheroperatingincomeexpensenet": 3000000,
        "operatingincomeloss": 37000000,
        "interestexpense": 12000000,
        "investmentincomeinterest": 2000000,
        "othernonoperatingincomeexpense": -2000000,
        "incomelossfromcontinuingoperationsbeforeincometaxesminorityinterestandincomelossfromequitymethodinvestments": 301000000,
        "incometaxexpensebenefit": 10000000,
        "incomelossfromcontinuingoperations": -9000000,
        "incomelossfromequitymethodinvestments": 1000000,
        "netincomeloss": -247000000,
        "earningspersharebasic": 1.07,
        "earningspersharediluted": 1.06,
        "weightedaveragenumberofsharesoutstandingbasic": 196600000,
        "weightedaveragenumberofdilutedsharesoutstanding": 197800000,
        "commonstockdividendspersharedeclared": 0.41
    },
    {
        "date": "2014-03-30",
        "symbol": "KDP",
        "period": "Q1",
        "comprehensiveincomenetoftax": -2000000,
        "salesrevenuenet": 134000000,
        "costofgoodssold": 68000000,
        "grossprofit": 66000000,
        "sellinggeneralandadministrativeexpense": 52000000,
        "depreciationandamortization": 27000000,
        "otheroperatingincomeexpensenet": -1000000,
        "operatingincomeloss": 12000000,
        "interestexpense": -11000000,
        "investmentincomeinterest": -11000000,
        "othernonoperatingincomeexpense": 2000000,
        "incomelossfromcontinuingoperationsbeforeincometaxesminorityinterestandincomelossfromequitymethodinvestments": 238000000,
        "incometaxexpensebenefit": 84000000,
        "incomelossfromcontinuingoperations": 11000000,
        "netincomeloss": 155000000,
        "earningspersharebasic": 0.78,
        "earningspersharediluted": 0.78,
        "weightedaveragenumberofsharesoutstandingbasic": 197900000,
        "weightedaveragenumberofdilutedsharesoutstanding": 199500000,
        "commonstockdividendspersharedeclared": 0.41
    },
    {
        "date": "2013-09-29",
        "symbol": "KDP",
        "period": "Q3",
        "comprehensiveincomenetoftax": 415000000,
        "salesrevenuenet": -1106000000,
        "costofgoodssold": -9000000,
        "grossprofit": 1554000000,
        "sellinggeneralandadministrativeexpense": 505000000,
        "depreciationandamortization": 1000000,
        "otheroperatingincomeexpensenet": -2000000,
        "operatingincomeloss": -198000000,
        "interestexpense": -70000000,
        "investmentincomeinterest": 19000000,
        "othernonoperatingincomeexpense": -4000000,
        "incomelossfromcontinuingoperationsbeforeincometaxesminorityinterestandincomelossfromequitymethodinvestments": 457000000,
        "incometaxexpensebenefit": -63000000,
        "incomelossfromcontinuingoperations": -435000000,
        "netincomeloss": -165000000,
        "earningspersharebasic": 1.01,
        "earningspersharediluted": 1.0099999999999998,
        "weightedaveragenumberofsharesoutstandingbasic": -204700000,
        "weightedaveragenumberofdilutedsharesoutstanding": -206300000,
        "commonstockdividendspersharedeclared": 0.3799999999999999
    },
    {
        "date": "2013-06-29",
        "symbol": "KDP",
        "period": "Q2",
        "comprehensiveincomenetoftax": -59000000,
        "salesrevenuenet": 1443000000,
        "costofgoodssold": -9000000,
        "grossprofit": 95000000,
        "sellinggeneralandadministrativeexpense": 557000000,
        "depreciationandamortization": 3000000,
        "otheroperatingincomeexpensenet": -2000000,
        "operatingincomeloss": 255000000,
        "interestexpense": 29000000,
        "investmentincomeinterest": 20000000,
        "othernonoperatingincomeexpense": 2000000,
        "incomelossfromcontinuingoperationsbeforeincometaxesminorityinterestandincomelossfromequitymethodinvestments": 31000000,
        "incometaxexpensebenefit": 57000000,
        "incomelossfromcontinuingoperations": 34000000,
        "incomelossfromequitymethodinvestments": 1000000,
        "netincomeloss": 155000000,
        "earningspersharebasic": 0.76,
        "earningspersharediluted": 0.76,
        "weightedaveragenumberofsharesoutstandingbasic": 204100000,
        "weightedaveragenumberofdilutedsharesoutstanding": 205500000,
        "commonstockdividendspersharedeclared": 0.38
    },
    {
        "date": "2013-03-30",
        "symbol": "KDP",
        "period": "Q1",
        "comprehensiveincomenetoftax": 119000000,
        "salesrevenuenet": 131000000,
        "costofgoodssold": -7000000,
        "grossprofit": 722000000,
        "sellinggeneralandadministrativeexpense": 513000000,
        "depreciationandamortization": 2000000,
        "otheroperatingincomeexpensenet": -1000000,
        "operatingincomeloss": 16000000,
        "interestexpense": -21000000,
        "investmentincomeinterest": 19000000,
        "othernonoperatingincomeexpense": -2000000,
        "incomelossfromcontinuingoperationsbeforeincometaxesminorityinterestandincomelossfromequitymethodinvestments": 161000000,
        "incometaxexpensebenefit": -5000000,
        "incomelossfromcontinuingoperations": -6000000,
        "netincomeloss": 12000000,
        "earningspersharebasic": 0.52,
        "earningspersharediluted": 0.51,
        "weightedaveragenumberofsharesoutstandingbasic": 204600000,
        "weightedaveragenumberofdilutedsharesoutstanding": 206300000,
        "commonstockdividendspersharedeclared": 0.38
    },
    {
        "date": "2012-09-29",
        "symbol": "KDP",
        "period": "Q3",
        "comprehensiveincomenetoftax": -238000000,
        "salesrevenuenet": 1388000000,
        "costofgoodssold": 569000000,
        "grossprofit": 819000000,
        "sellinggeneralandadministrativeexpense": 51000000,
        "depreciationandamortization": 27000000,
        "otheroperatingexpenseincome": 4000000,
        "operatingincomeloss": 30000000,
        "interestexpense": -22000000,
        "investmentincomeinterest": 20000000,
        "othernonoperatingincomeexpense": 2000000,
        "incomelossfromcontinuingoperationsbeforeincometaxesminorityinterestandincomelossfromequitymethodinvestments": 32000000,
        "incometaxexpensebenefit": 7000000,
        "incomelossfromcontinuingoperations": -3000000,
        "netincomeloss": 25000000,
        "earningspersharebasic": 0.85,
        "earningspersharediluted": 0.84,
        "weightedaveragenumberofsharesoutstandingbasic": 210400000,
        "weightedaveragenumberofdilutedsharesoutstanding": 212000000,
        "commonstockdividendspersharedeclared": 0.34
    },
    {
        "date": "2012-06-29",
        "symbol": "KDP",
        "period": "Q2",
        "comprehensiveincomenetoftax": 10000000,
        "salesrevenuenet": -11000000,
        "costofgoodssold": 619000000,
        "grossprofit": 84000000,
        "sellinggeneralandadministrativeexpense": 56000000,
        "depreciationandamortization": 1000000,
        "otheroperatingexpenseincome": 2000000,
        "operatingincomeloss": 27000000,
        "interestexpense": 31000000,
        "investmentincomeinterest": -21000000,
        "othernonoperatingincomeexpense": -3000000,
        "incomelossfromcontinuingoperationsbeforeincometaxesminorityinterestandincomelossfromequitymethodinvestments": -7000000,
        "incometaxexpensebenefit": -4000000,
        "incomelossfromcontinuingoperations": -3000000,
        "netincomeloss": 178000000,
        "earningspersharebasic": 0.84,
        "earningspersharediluted": 0.83,
        "weightedaveragenumberofsharesoutstandingbasic": 211900000,
        "weightedaveragenumberofdilutedsharesoutstanding": 213300000,
        "commonstockdividendspersharedeclared": 0.34
    },
    {
        "date": "2012-03-30",
        "symbol": "KDP",
        "period": "Q1",
        "comprehensiveincomenetoftax": 39000000,
        "salesrevenuenet": 121000000,
        "costofgoodssold": 53000000,
        "grossprofit": 68000000,
        "sellinggeneralandadministrativeexpense": 506000000,
        "depreciationandamortization": 29000000,
        "otheroperatingexpenseincome": 2000000,
        "operatingincomeloss": 19000000,
        "interestexpense": 22000000,
        "investmentincomeinterest": 2000000,
        "othernonoperatingincomeexpense": 4000000,
        "incomelossfromcontinuingoperationsbeforeincometaxesminorityinterestandincomelossfromequitymethodinvestments": 17000000,
        "incometaxexpensebenefit": 3000000,
        "incomelossfromcontinuingoperations": -6000000,
        "netincomeloss": 14000000,
        "earningspersharebasic": 0.48,
        "earningspersharediluted": 0.48,
        "weightedaveragenumberofsharesoutstandingbasic": 212600000,
        "weightedaveragenumberofdilutedsharesoutstanding": 213900000,
        "commonstockdividendspersharedeclared": 0.34
    },
    {
        "date": "2011-09-29",
        "symbol": "KDP",
        "period": "Q3",
        "salesrevenuenet": -969000000,
        "costofgoodssold": -445000000,
        "grossprofit": -568000000,
        "sellinggeneralandadministrativeexpense": 967000000,
        "depreciationandamortization": -55000000,
        "otheroperatingexpenseincome": 6000000,
        "operatingincomeloss": 240000000,
        "interestexpense": 3000000,
        "investmentincomeinterest": -34000000,
        "othernonoperatingincomeexpense": -3000000,
        "incomelossfromcontinuingoperationsbeforeincometaxesminorityinterestandincomelossfromequitymethodinvestments": -66000000,
        "incometaxexpensebenefit": -14000000,
        "incomelossfromcontinuingoperations": 296000000,
        "netincomeloss": 152000000,
        "earningspersharebasic": 0.71,
        "earningspersharediluted": 0.7,
        "weightedaveragenumberofsharesoutstandingbasic": -225000000,
        "weightedaveragenumberofdilutedsharesoutstanding": -227800000,
        "commonstockdividendspersharedeclared": 0.32000000000000006
    },
    {
        "date": "2011-06-29",
        "symbol": "KDP",
        "period": "Q2",
        "salesrevenuenet": 1415000000,
        "costofgoodssold": 593000000,
        "grossprofit": 98000000,
        "sellinggeneralandadministrativeexpense": 69000000,
        "depreciationandamortization": 30000000,
        "otheroperatingexpenseincome": 1000000,
        "operatingincomeloss": 262000000,
        "interestexpense": 28000000,
        "investmentincomeinterest": 19000000,
        "othernonoperatingincomeexpense": 3000000,
        "incomelossfromcontinuingoperationsbeforeincometaxesminorityinterestandincomelossfromequitymethodinvestments": 29000000,
        "incometaxexpensebenefit": 7000000,
        "incomelossfromcontinuingoperations": -2000000,
        "incomelossfromequitymethodinvestments": 1000000,
        "netincomeloss": 174000000,
        "earningspersharebasic": 0.78,
        "earningspersharediluted": 0.77,
        "weightedaveragenumberofsharesoutstandingbasic": 221900000,
        "weightedaveragenumberofdilutedsharesoutstanding": 224400000,
        "commonstockdividendspersharedeclared": 0.32
    },
    {
        "date": "2011-03-30",
        "symbol": "KDP",
        "period": "Q1",
        "salesrevenuenet": -2000000,
        "costofgoodssold": 52000000,
        "grossprofit": 714000000,
        "sellinggeneralandadministrativeexpense": 496000000,
        "depreciationandamortization": 31000000,
        "otheroperatingexpenseincome": 2000000,
        "operatingincomeloss": 185000000,
        "interestexpense": 27000000,
        "investmentincomeinterest": 18000000,
        "othernonoperatingincomeexpense": 2000000,
        "incomelossfromcontinuingoperationsbeforeincometaxesminorityinterestandincomelossfromequitymethodinvestments": 17000000,
        "incometaxexpensebenefit": -3000000,
        "incomelossfromcontinuingoperations": 106000000,
        "netincomeloss": 114000000,
        "earningspersharebasic": 0.51,
        "earningspersharediluted": 0.5,
        "weightedaveragenumberofsharesoutstandingbasic": 223600000,
        "weightedaveragenumberofdilutedsharesoutstanding": 226300000,
        "commonstockdividendspersharedeclared": 0.25
    },
    {
        "date": "2010-03-30",
        "symbol": "KDP",
        "period": "Q1",
        "salesrevenuenet": 1248000000,
        "costofgoodssold": 496000000,
        "grossprofit": 752000000,
        "sellinggeneralandadministrativeexpense": 531000000,
        "depreciationandamortization": 31000000,
        "otheroperatingexpenseincome": 3000000,
        "operatingincomeloss": 187000000,
        "interestexpense": 34000000,
        "investmentincomeinterest": 1000000,
        "othernonoperatingincomeexpense": 3000000,
        "incomelossfromcontinuingoperationsbeforeincometaxesminorityinterestandincomelossfromequitymethodinvestments": 157000000,
        "incometaxexpensebenefit": 68000000,
        "incomelossfromcontinuingoperations": 89000000,
        "netincomeloss": 89000000,
        "earningspersharebasic": 0.35,
        "earningspersharediluted": 0.35,
        "weightedaveragenumberofsharesoutstandingbasic": 253300000,
        "weightedaveragenumberofdilutedsharesoutstanding": 255100000,
        "commonstockdividendspersharedeclared": 0.15
    }
]