[
    {
        "date": "2024-09-29",
        "symbol": "HUBB",
        "period": "Q3",
        "revenuefromcontractwithcustomerexcludingassessedtax": 1442600000,
        "costofgoodsandservicessold": -1894900000,
        "grossprofit": 497100000,
        "sellinggeneralandadministrativeexpense": 193300000,
        "operatingincomeloss": 303800000,
        "othernonoperatingincomeexpense": -5600000,
        "totalotherincomeexpense": -24300000,
        "incomelossfromcontinuingoperationsbeforeincometaxesextraordinaryitemsnoncontrollinginterest": 279500000,
        "incometaxexpensebenefit": -119100000,
        "profitloss": -370200000,
        "netincomelossattributabletononcontrollinginterest": 1600000,
        "netincomeloss": 219400000,
        "earningspersharebasic": 4.080000000000001,
        "earningspersharediluted": 4.0600000000000005,
        "othercomprehensiveincomeforeigncurrencytransactionandtranslationgainlossarisingduringperiodnetoftax": 17700000,
        "othercomprehensiveincomelosspensionandotherpostretirementbenefitplansadjustmentnetoftax": -1900000,
        "othercomprehensiveincomelossavailableforsalesecuritiesadjustmentnetoftax": 800000,
        "othercomprehensiveincomelosscashflowhedgegainlossafterreclassificationandtax": -400000,
        "othercomprehensiveincomelossnetoftax": 20000000,
        "comprehensiveincomenetoftaxincludingportionattributabletononcontrollinginterest": 241000000,
        "comprehensiveincomenetoftaxattributabletononcontrollinginterest": 1600000,
        "comprehensiveincomenetoftax": 239400000,
        "othercomprehensiveincomedefinedbenefitplansnetunamortizedgainlossarisingduringperiodtax": 600000,
        "othercomprehensiveincomelosscashflowhedgegainlossafterreclassificationtax": -100000
    },
    {
        "date": "2024-06-29",
        "symbol": "HUBB",
        "period": "Q2",
        "revenuefromcontractwithcustomerexcludingassessedtax": 1452500000,
        "costofgoodsandservicessold": 943800000,
        "grossprofit": 508700000,
        "sellinggeneralandadministrativeexpense": 207500000,
        "operatingincomeloss": 301200000,
        "gainlossonsaleofbusiness": 0,
        "othernonoperatingincomeexpense": -1200000,
        "totalotherincomeexpense": -21000000,
        "incomelossfromcontinuingoperationsbeforeincometaxesextraordinaryitemsnoncontrollinginterest": 280200000,
        "incometaxexpensebenefit": 65000000,
        "profitloss": 215200000,
        "netincomelossattributabletononcontrollinginterest": 1600000,
        "netincomeloss": 213600000,
        "earningspersharebasic": 3.9699999999999998,
        "earningspersharediluted": 3.94,
        "othercomprehensiveincomeforeigncurrencytransactionandtranslationgainlossarisingduringperiodnetoftax": -19000000,
        "othercomprehensiveincomelosspensionandotherpostretirementbenefitplansadjustmentnetoftax": -1700000,
        "othercomprehensiveincomelossavailableforsalesecuritiesadjustmentnetoftax": -100000,
        "othercomprehensiveincomelosscashflowhedgegainlossafterreclassificationandtax": 100000,
        "othercomprehensiveincomelossnetoftax": -17300000,
        "comprehensiveincomenetoftaxincludingportionattributabletononcontrollinginterest": 197900000,
        "comprehensiveincomenetoftaxattributabletononcontrollinginterest": 1600000,
        "comprehensiveincomenetoftax": 196300000,
        "othercomprehensiveincomedefinedbenefitplansnetunamortizedgainlossarisingduringperiodtax": 600000,
        "othercomprehensiveincomelossavailableforsalesecuritiestax": 0,
        "othercomprehensiveincomelosscashflowhedgegainlossafterreclassificationtax": 100000
    },
    {
        "date": "2024-03-30",
        "symbol": "HUBB",
        "period": "Q1",
        "revenuefromcontractwithcustomerexcludingassessedtax": 1399100000,
        "costofgoodsandservicessold": 951400000,
        "grossprofit": 447700000,
        "sellinggeneralandadministrativeexpense": 219200000,
        "operatingincomeloss": 228500000,
        "interestincomeexpensenet": -21100000,
        "gainlossonsaleofbusiness": -5300000,
        "othernonoperatingincomeexpense": -700000,
        "totalotherincomeexpense": -27100000,
        "incomelossfromcontinuingoperationsbeforeincometaxesextraordinaryitemsnoncontrollinginterest": 201400000,
        "incometaxexpensebenefit": 52300000,
        "profitloss": 149100000,
        "netincomelossattributabletononcontrollinginterest": 1300000,
        "netincomeloss": 147800000,
        "earningspersharebasic": 2.75,
        "earningspersharediluted": 2.73,
        "othercomprehensiveincomeforeigncurrencytransactionandtranslationgainlossarisingduringperiodnetoftax": -11900000,
        "othercomprehensiveincomelosspensionandotherpostretirementbenefitplansadjustmentnetoftax": -2500000,
        "othercomprehensiveincomelossavailableforsalesecuritiesadjustmentnetoftax": -300000,
        "othercomprehensiveincomelosscashflowhedgegainlossafterreclassificationandtax": 400000,
        "othercomprehensiveincomelossnetoftax": -9300000,
        "comprehensiveincomenetoftaxincludingportionattributabletononcontrollinginterest": 139800000,
        "comprehensiveincomenetoftaxattributabletononcontrollinginterest": 1300000,
        "comprehensiveincomenetoftax": 138500000,
        "othercomprehensiveincomedefinedbenefitplansnetunamortizedgainlossarisingduringperiodtax": 600000,
        "othercomprehensiveincomelossavailableforsalesecuritiestax": -100000,
        "othercomprehensiveincomelosscashflowhedgegainlossafterreclassificationtax": 100000
    },
    {
        "date": "2023-12-30",
        "symbol": "HUBB",
        "period": "Q4",
        "revenuefromcontractwithcustomerexcludingassessedtax": 3862400000,
        "costofgoodsandservicessold": 2595700000,
        "grossprofit": 456200000,
        "sellinggeneralandadministrativeexpense": 230600000,
        "operatingincomeloss": 602600000,
        "interestincomeexpensenet": -10000000,
        "othernonoperatingincomeexpense": -6100000,
        "totalotherincomeexpense": -16100000,
        "incomelossfromcontinuingoperationsbeforeincometaxesextraordinaryitemsnoncontrollinginterest": 209500000,
        "incometaxexpensebenefit": 156100000,
        "incomelossfromcontinuingoperationsincludingportionattributabletononcontrollinginterest": 172400000,
        "netincomelossattributabletononcontrollinginterest": 1400000,
        "incomelossfromcontinuingoperations": 171000000,
        "netincomeloss": 171000000,
        "incomelossfromcontinuingoperationsperbasicshare": 3.18,
        "earningspersharebasic": 3.18,
        "incomelossfromcontinuingoperationsperdilutedshare": 3.160000000000001,
        "earningspersharediluted": 3.160000000000001,
        "profitloss": 566900000,
        "othercomprehensiveincomeforeigncurrencytransactionandtranslationgainlossarisingduringperiodnetoftax": 22400000,
        "othercomprehensiveincomelosspensionandotherpostretirementbenefitplansadjustmentnetoftax": -4900000,
        "othercomprehensiveincomelossavailableforsalesecuritiesadjustmentnetoftax": 900000,
        "othercomprehensiveincomelosscashflowhedgegainlossafterreclassificationandtax": -400000,
        "othercomprehensiveincomelossnetoftax": 29200000,
        "comprehensiveincomenetoftaxincludingportionattributabletononcontrollinginterest": 200200000,
        "comprehensiveincomenetoftaxattributabletononcontrollinginterest": 1400000,
        "comprehensiveincomenetoftax": 198800000,
        "othercomprehensiveincomedefinedbenefitplansnetunamortizedgainlossarisingduringperiodtax": 1700000,
        "othercomprehensiveincomelossavailableforsalesecuritiestax": 300000,
        "othercomprehensiveincomelosscashflowhedgegainlossafterreclassificationtax": -200000
    },
    {
        "date": "2023-09-29",
        "symbol": "HUBB",
        "period": "Q3",
        "revenuefromcontractwithcustomerexcludingassessedtax": 1375800000,
        "costofgoodsandservicessold": 888400000,
        "grossprofit": 487400000,
        "sellinggeneralandadministrativeexpense": 211100000,
        "operatingincomeloss": 276300000,
        "interestincomeexpensenet": -7800000,
        "definedbenefitplannetperiodicbenefitcost": 4800000,
        "othernonoperatingincomeexpense": -3500000,
        "totalotherincomeexpense": -11300000,
        "incomelossfromcontinuingoperationsbeforeincometaxesextraordinaryitemsnoncontrollinginterest": 265000000,
        "incometaxexpensebenefit": 63000000,
        "incomelossfromcontinuingoperationsincludingportionattributabletononcontrollinginterest": 202000000,
        "netincomelossattributabletononcontrollinginterest": 1900000,
        "incomelossfromcontinuingoperations": 200100000,
        "netincomeloss": 200100000,
        "incomelossfromcontinuingoperationsperbasicshare": 3.72,
        "earningspersharebasic": 3.72,
        "incomelossfromcontinuingoperationsperdilutedshare": 3.7,
        "earningspersharediluted": 3.7,
        "commonstockdividendspersharedeclared": 1.12,
        "profitloss": 202000000,
        "othercomprehensiveincomeforeigncurrencytransactionandtranslationgainlossarisingduringperiodnetoftax": -12800000,
        "othercomprehensiveincomelosspensionandotherpostretirementbenefitplansadjustmentnetoftax": -1900000,
        "othercomprehensiveincomelossavailableforsalesecuritiesadjustmentnetoftax": -300000,
        "othercomprehensiveincomelosscashflowhedgegainlossafterreclassificationandtax": 400000,
        "othercomprehensiveincomelossnetoftax": -10800000,
        "comprehensiveincomenetoftaxincludingportionattributabletononcontrollinginterest": 191200000,
        "comprehensiveincomenetoftaxattributabletononcontrollinginterest": 1900000,
        "comprehensiveincomenetoftax": 189300000,
        "othercomprehensiveincomedefinedbenefitplansnetunamortizedgainlossarisingduringperiodtax": 700000,
        "othercomprehensiveincomelossavailableforsalesecuritiestax": -100000,
        "othercomprehensiveincomelosscashflowhedgegainlossafterreclassificationtax": 100000
    },
    {
        "date": "2023-06-29",
        "symbol": "HUBB",
        "period": "Q2",
        "revenuefromcontractwithcustomerexcludingassessedtax": 69900000,
        "costofgoodsandservicessold": 300000,
        "grossprofit": 496200000,
        "sellinggeneralandadministrativeexpense": 208400000,
        "operatingincomeloss": 88300000,
        "interestincomeexpensenet": -9200000,
        "definedbenefitplannetperiodicbenefitcost": 100000,
        "othernonoperatingincomeexpense": -4800000,
        "totalotherincomeexpense": -14000000,
        "incomelossfromcontinuingoperationsbeforeincometaxesextraordinaryitemsnoncontrollinginterest": 273800000,
        "incometaxexpensebenefit": -600000,
        "incomelossfromcontinuingoperationsincludingportionattributabletononcontrollinginterest": 208200000,
        "netincomelossattributabletononcontrollinginterest": 1400000,
        "incomelossfromcontinuingoperations": 206800000,
        "netincomeloss": 206800000,
        "incomelossfromcontinuingoperationsperbasicshare": 3.85,
        "earningspersharebasic": 3.85,
        "incomelossfromcontinuingoperationsperdilutedshare": 3.82,
        "earningspersharediluted": 3.82,
        "commonstockdividendspersharedeclared": 1.12,
        "profitloss": -1800000,
        "othercomprehensiveincomeforeigncurrencytransactionandtranslationgainlossarisingduringperiodnetoftax": 5400000,
        "othercomprehensiveincomelosspensionandotherpostretirementbenefitplansadjustmentnetoftax": -2000000,
        "othercomprehensiveincomelossavailableforsalesecuritiesadjustmentnetoftax": -300000,
        "othercomprehensiveincomelosscashflowhedgegainlossafterreclassificationandtax": -600000,
        "othercomprehensiveincomelossnetoftax": 6500000,
        "comprehensiveincomenetoftaxincludingportionattributabletononcontrollinginterest": 214700000,
        "comprehensiveincomenetoftaxattributabletononcontrollinginterest": 1400000,
        "comprehensiveincomenetoftax": 213300000,
        "othercomprehensiveincomedefinedbenefitplansnetunamortizedgainlossarisingduringperiodtax": 600000,
        "othercomprehensiveincomelossavailableforsalesecuritiestax": -100000,
        "othercomprehensiveincomelosscashflowhedgegainlossafterreclassificationtax": -200000
    },
    {
        "date": "2023-03-30",
        "symbol": "HUBB",
        "period": "Q1",
        "revenuefromcontractwithcustomerexcludingassessedtax": 64800000,
        "costofgoodsandservicessold": 400000,
        "grossprofit": 448300000,
        "sellinggeneralandadministrativeexpense": 199500000,
        "operatingincomeloss": 71300000,
        "interestincomeexpensenet": -9700000,
        "othernonoperatingincomeexpense": -4099999.9999999995,
        "totalotherincomeexpense": -13800000,
        "incomelossfromcontinuingoperationsbeforeincometaxesextraordinaryitemsnoncontrollinginterest": 235000000,
        "incometaxexpensebenefit": -1200000,
        "incomelossfromcontinuingoperationsincludingportionattributabletononcontrollinginterest": 183400000,
        "netincomelossattributabletononcontrollinginterest": 1500000,
        "incomelossfromcontinuingoperations": 181900000,
        "netincomeloss": 181900000,
        "incomelossfromcontinuingoperationsperbasicshare": 3.39,
        "earningspersharebasic": 3.39,
        "incomelossfromcontinuingoperationsperdilutedshare": 3.37,
        "earningspersharediluted": 3.37,
        "commonstockdividendspersharedeclared": 1.12,
        "profitloss": -1100000,
        "othercomprehensiveincomeforeigncurrencytransactionandtranslationgainlossarisingduringperiodnetoftax": 7900000,
        "othercomprehensiveincomelosspensionandotherpostretirementbenefitplansadjustmentnetoftax": -1400000,
        "othercomprehensiveincomelossavailableforsalesecuritiesadjustmentnetoftax": 300000,
        "othercomprehensiveincomelosscashflowhedgegainlossafterreclassificationandtax": -300000,
        "othercomprehensiveincomelossnetoftax": 7900000,
        "comprehensiveincomenetoftaxincludingportionattributabletononcontrollinginterest": 192700000,
        "comprehensiveincomenetoftaxattributabletononcontrollinginterest": 1500000,
        "comprehensiveincomenetoftax": 191200000,
        "othercomprehensiveincomedefinedbenefitplansnetunamortizedgainlossarisingduringperiodtax": 1200000,
        "othercomprehensiveincomelossavailableforsalesecuritiestax": 100000,
        "othercomprehensiveincomelosscashflowhedgegainlossafterreclassificationtax": -100000
    },
    {
        "date": "2022-12-30",
        "symbol": "HUBB",
        "period": "Q4",
        "revenuefromcontractwithcustomerexcludingassessedtax": 217300000,
        "costofgoodsandservicessold": 700000,
        "grossprofit": 366800000,
        "sellinggeneralandadministrativeexpense": 194800000,
        "operatingincomeloss": -97200000,
        "interestincomeexpensenet": -11700000,
        "othernonoperatingincomeexpense": -2400000,
        "incomelossfromcontinuingoperationsbeforeincometaxesextraordinaryitemsnoncontrollinginterest": 156800000,
        "incometaxexpensebenefit": -1100000,
        "incomelossfromcontinuingoperationsincludingportionattributabletononcontrollinginterest": 123899999.99999994,
        "incomelossfromcontinuingoperations": 122900000,
        "incomelossfromdiscontinuedoperationsnetoftaxattributabletoreportingentity": -18300000,
        "netincomeloss": 104600000,
        "incomelossfromcontinuingoperationsperbasicshare": 2.29,
        "incomelossfromdiscontinuedoperationsnetoftaxperbasicshare": -0.3400000000000001,
        "earningspersharebasic": 1.9500000000000015,
        "incomelossfromcontinuingoperationsperdilutedshare": 2.2699999999999996,
        "incomelossfromdiscontinuedoperationsnetoftaxperdilutedshare": -0.3400000000000001,
        "earningspersharediluted": 1.9300000000000002,
        "profitloss": -2500000,
        "othercomprehensiveincomeforeigncurrencytransactionandtranslationgainlossarisingduringperiodnetoftax": 23600000,
        "othercomprehensiveincomelosspensionandotherpostretirementbenefitplansadjustmentnetoftax": -5400000,
        "othercomprehensiveincomelosscashflowhedgegainlossafterreclassificationandtax": -700000,
        "othercomprehensiveincomelossnetoftax": 23600000,
        "comprehensiveincomenetoftaxincludingportionattributabletononcontrollinginterest": 134600000,
        "comprehensiveincomenetoftaxattributabletononcontrollinginterest": 1000000,
        "comprehensiveincomenetoftax": 133600000,
        "othercomprehensiveincomedefinedbenefitplansnetunamortizedgainlossarisingduringperiodtax": 1900000
    },
    {
        "date": "2022-09-29",
        "symbol": "HUBB",
        "period": "Q3",
        "revenuefromcontractwithcustomerexcludingassessedtax": 122300000,
        "costofgoodsandservicessold": 300000,
        "grossprofit": 398500000,
        "sellinggeneralandadministrativeexpense": 194900000,
        "operatingincomeloss": 8300000,
        "interestincomeexpensenet": -12100000,
        "othernonoperatingincomeexpense": 800000,
        "totalotherincomeexpense": -12800000,
        "incomelossfromcontinuingoperationsbeforeincometaxesextraordinaryitemsnoncontrollinginterest": 190800000,
        "incometaxexpensebenefit": -1300000,
        "incomelossfromcontinuingoperationsincludingportionattributabletononcontrollinginterest": 152000000,
        "netincomelossattributabletononcontrollinginterest": 1700000,
        "incomelossfromcontinuingoperations": 150300000,
        "incomelossfromdiscontinuedoperationsnetoftaxattributabletoreportingentity": -11199999.999999993,
        "netincomeloss": 139100000,
        "incomelossfromcontinuingoperationsperbasicshare": 2.79,
        "incomelossfromdiscontinuedoperationsnetoftaxperbasicshare": -0.20999999999999996,
        "earningspersharebasic": 2.5800000000000005,
        "incomelossfromcontinuingoperationsperdilutedshare": 2.7700000000000005,
        "incomelossfromdiscontinuedoperationsnetoftaxperdilutedshare": -0.19999999999999996,
        "earningspersharediluted": 2.5700000000000007,
        "commonstockdividendspersharedeclared": 1.0499999999999996,
        "profitloss": -3100000,
        "othercomprehensiveincomeforeigncurrencytransactionandtranslationgainlossarisingduringperiodnetoftax": -26400000,
        "othercomprehensiveincomelosspensionandotherpostretirementbenefitplansadjustmentnetoftax": -3300000,
        "othercomprehensiveincomelosscashflowhedgegainlossafterreclassificationandtax": 1000000,
        "othercomprehensiveincomelossnetoftax": -26400000,
        "comprehensiveincomenetoftaxincludingportionattributabletononcontrollinginterest": 117800000,
        "comprehensiveincomenetoftaxattributabletononcontrollinginterest": 1700000,
        "comprehensiveincomenetoftax": 116100000,
        "othercomprehensiveincomedefinedbenefitplansnetunamortizedgainlossarisingduringperiodtax": 1100000
    },
    {
        "date": "2022-06-29",
        "symbol": "HUBB",
        "period": "Q2",
        "revenuefromcontractwithcustomerexcludingassessedtax": 38600000,
        "costofgoodsandservicessold": -832800000,
        "grossprofit": 383200000,
        "sellinggeneralandadministrativeexpense": 192600000,
        "operatingincomeloss": 111400000,
        "interestincomeexpensenet": -12700000,
        "othernonoperatingincomeexpense": 2500000,
        "totalotherincomeexpense": -14600000,
        "incomelossfromcontinuingoperationsbeforeincometaxesextraordinaryitemsnoncontrollinginterest": 176000000,
        "incometaxexpensebenefit": -2100000,
        "incomelossfromcontinuingoperationsincludingportionattributabletononcontrollinginterest": 137100000,
        "netincomelossattributabletononcontrollinginterest": 1500000,
        "incomelossfromcontinuingoperations": 135600000,
        "incomelossfromdiscontinuedoperationsnetoftaxattributabletoreportingentity": -13600000.000000007,
        "netincomeloss": 122000000,
        "incomelossfromcontinuingoperationsperbasicshare": 2.5200000000000005,
        "incomelossfromdiscontinuedoperationsnetoftaxperbasicshare": -0.24,
        "earningspersharebasic": 2.28,
        "incomelossfromcontinuingoperationsperdilutedshare": 2.51,
        "incomelossfromdiscontinuedoperationsnetoftaxperdilutedshare": -0.25,
        "earningspersharediluted": 2.2600000000000002,
        "commonstockdividendspersharedeclared": 1.05,
        "profitloss": -6100000,
        "othercomprehensiveincomeforeigncurrencytransactionandtranslationgainlossarisingduringperiodnetoftax": -29700000,
        "othercomprehensiveincomelossforeigncurrencytransactionandtranslationreclassificationadjustmentfromaocirealizeduponsaleorliquidationnetoftax": 0,
        "othercomprehensiveincomelosspensionandotherpostretirementbenefitplansadjustmentnetoftax": -3400000,
        "othercomprehensiveincomelossavailableforsalesecuritiesadjustmentnetoftax": 0,
        "othercomprehensiveincomelosscashflowhedgegainlossafterreclassificationandtax": 500000,
        "othercomprehensiveincomelossnetoftax": -29700000,
        "comprehensiveincomenetoftaxincludingportionattributabletononcontrollinginterest": 97700000,
        "comprehensiveincomenetoftaxattributabletononcontrollinginterest": 1500000,
        "comprehensiveincomenetoftax": 96200000,
        "othercomprehensiveincomedefinedbenefitplansnetunamortizedgainlossarisingduringperiodtax": 1300000,
        "othercomprehensiveincomelossavailableforsalesecuritiestax": 0
    },
    {
        "date": "2022-03-30",
        "symbol": "HUBB",
        "period": "Q1",
        "revenuefromcontractwithcustomerexcludingassessedtax": 33299999.999999996,
        "costofgoodsandservicessold": 833000000,
        "grossprofit": 323100000,
        "sellinggeneralandadministrativeexpense": 180200000,
        "operatingincomeloss": 88100000,
        "interestincomeexpensenet": -13100000,
        "othernonoperatingincomeexpense": 3600000,
        "totalotherincomeexpense": -9500000,
        "incomelossfromcontinuingoperationsbeforeincometaxesextraordinaryitemsnoncontrollinginterest": 133400000,
        "incometaxexpensebenefit": -500000,
        "incomelossfromcontinuingoperationsincludingportionattributabletononcontrollinginterest": 103800000,
        "netincomelossattributabletononcontrollinginterest": 1300000,
        "incomelossfromcontinuingoperations": 102500000,
        "incomelossfromdiscontinuedoperationsnetoftaxattributabletoreportingentity": 77700000,
        "netincomeloss": 180200000,
        "incomelossfromcontinuingoperationsperbasicshare": 1.89,
        "incomelossfromdiscontinuedoperationsnetoftaxperbasicshare": 1.43,
        "earningspersharebasic": 3.32,
        "incomelossfromcontinuingoperationsperdilutedshare": 1.88,
        "incomelossfromdiscontinuedoperationsnetoftaxperdilutedshare": 1.43,
        "earningspersharediluted": 3.31,
        "commonstockdividendspersharedeclared": 1.05,
        "profitloss": -2600000,
        "othercomprehensiveincomeforeigncurrencytransactionandtranslationgainlossarisingduringperiodnetoftax": 4600000,
        "othercomprehensiveincomelossforeigncurrencytransactionandtranslationreclassificationadjustmentfromaocirealizeduponsaleorliquidationnetoftax": -500000,
        "othercomprehensiveincomelosspensionandotherpostretirementbenefitplansadjustmentnetoftax": -2100000,
        "othercomprehensiveincomelossavailableforsalesecuritiesadjustmentnetoftax": -1200000,
        "othercomprehensiveincomelosscashflowhedgegainlossafterreclassificationandtax": -600000,
        "othercomprehensiveincomelossnetoftax": 5100000,
        "comprehensiveincomenetoftaxincludingportionattributabletononcontrollinginterest": 186900000,
        "comprehensiveincomenetoftaxattributabletononcontrollinginterest": 1300000,
        "comprehensiveincomenetoftax": 185600000,
        "othercomprehensiveincomedefinedbenefitplansnetunamortizedgainlossarisingduringperiodtax": 500000,
        "othercomprehensiveincomelossavailableforsalesecuritiestax": -400000,
        "othercomprehensiveincomelosscashflowhedgegainlossafterreclassificationtax": -200000
    },
    {
        "date": "2021-12-30",
        "symbol": "HUBB",
        "period": "Q4",
        "costofgoodsandservicessold": 0,
        "grossprofit": 200600000,
        "sellinggeneralandadministrativeexpense": 93900000.00000006,
        "operatingincomeloss": -131600000,
        "interestincomeexpensenet": -13300000,
        "incometaxexpensebenefit": -700000,
        "netincomeloss": 117500000,
        "earningspersharebasic": 2.1500000000000004,
        "earningspersharediluted": 2.1400000000000006,
        "profitloss": -1800000,
        "othercomprehensiveincomeforeigncurrencytransactionandtranslationgainlossarisingduringperiodnetoftax": -700000,
        "othercomprehensiveincomelosspensionandotherpostretirementbenefitplansadjustmentnetoftax": -3100000,
        "othercomprehensiveincomelosscashflowhedgegainlossafterreclassificationandtax": 0,
        "othercomprehensiveincomelossnetoftax": -700000,
        "comprehensiveincomenetoftaxincludingportionattributabletononcontrollinginterest": 121600000,
        "comprehensiveincomenetoftaxattributabletononcontrollinginterest": 1800000,
        "comprehensiveincomenetoftax": 119800000,
        "othercomprehensiveincomedefinedbenefitplansnetunamortizedgainlossarisingduringperiodtax": 1100000
    },
    {
        "date": "2021-09-29",
        "symbol": "HUBB",
        "period": "Q3",
        "costofgoodsandservicessold": -100000,
        "grossprofit": 330300000,
        "sellinggeneralandadministrativeexpense": 174999999.99999994,
        "operatingincomeloss": 83300000,
        "interestincomeexpensenet": -13500000,
        "othernonoperatingincomeexpense": 0,
        "incometaxexpensebenefit": -700000,
        "profitloss": -2100000,
        "netincomelossattributabletononcontrollinginterest": 2100000,
        "netincomeloss": 108500000,
        "earningspersharebasic": 1.99,
        "earningspersharediluted": 1.9799999999999995,
        "commonstockdividendspersharedeclared": 0.98,
        "othercomprehensiveincomeforeigncurrencytransactionandtranslationgainlossarisingduringperiodnetoftax": -13500000,
        "othercomprehensiveincomelosspensionandotherpostretirementbenefitplansadjustmentnetoftax": -2000000.0000000005,
        "othercomprehensiveincomelosscashflowhedgegainlossafterreclassificationandtax": 800000,
        "othercomprehensiveincomelossnetoftax": -13500000,
        "comprehensiveincomenetoftaxincludingportionattributabletononcontrollinginterest": 99700000,
        "comprehensiveincomenetoftaxattributabletononcontrollinginterest": 2100000,
        "comprehensiveincomenetoftax": 97600000,
        "othercomprehensiveincomedefinedbenefitplansnetunamortizedgainlossarisingduringperiodtax": 700000
    },
    {
        "date": "2021-06-29",
        "symbol": "HUBB",
        "period": "Q2",
        "revenuefromcontractwithcustomerexcludingassessedtax": 0,
        "costofgoodsandservicessold": -500000,
        "grossprofit": 330800000,
        "sellinggeneralandadministrativeexpense": 178100000,
        "operatingincomeloss": 76400000,
        "interestincomeexpensenet": -12700000,
        "othernonoperatingincomeexpense": 700000,
        "totalotherexpensenet": -37300000,
        "incomelossfromcontinuingoperationsbeforeincometaxesminorityinterestandincomelossfromequitymethodinvestments": -2800000,
        "incometaxexpensebenefit": -700000,
        "profitloss": -2600000,
        "netincomelossattributabletononcontrollinginterest": 800000,
        "netincomeloss": 95800000,
        "earningspersharebasic": 1.76,
        "earningspersharediluted": 1.7400000000000002,
        "commonstockdividendspersharedeclared": 0.98,
        "othercomprehensiveincomeforeigncurrencytransactionandtranslationgainlossarisingduringperiodnetoftax": 9300000,
        "othercomprehensiveincomelosspensionandotherpostretirementbenefitplansadjustmentnetoftax": -2099999.9999999995,
        "othercomprehensiveincomelossavailableforsalesecuritiesadjustmentnetoftax": 0,
        "othercomprehensiveincomelosscashflowhedgegainlossafterreclassificationandtax": 200000,
        "othercomprehensiveincomelossnetoftax": 9300000,
        "comprehensiveincomenetoftaxincludingportionattributabletononcontrollinginterest": 108200000,
        "comprehensiveincomenetoftaxattributabletononcontrollinginterest": 800000,
        "comprehensiveincomenetoftax": 107400000,
        "othercomprehensiveincomedefinedbenefitplansnetunamortizedgainlossarisingduringperiodtax": 700000
    },
    {
        "date": "2021-03-30",
        "symbol": "HUBB",
        "period": "Q1",
        "revenuefromcontractwithcustomerexcludingassessedtax": -100000,
        "costofgoodsandservicessold": -300000,
        "grossprofit": 289800000,
        "sellinggeneralandadministrativeexpense": 172200000,
        "operatingincomeloss": 64599999.99999999,
        "interestincomeexpensenet": -15200000,
        "othernonoperatingincomeexpense": -900000,
        "totalotherexpensenet": -16100000.000000002,
        "incomelossfromcontinuingoperationsbeforeincometaxesminorityinterestandincomelossfromequitymethodinvestments": -2700000,
        "incometaxexpensebenefit": -700000,
        "profitloss": -2300000,
        "netincomelossattributabletononcontrollinginterest": 1400000,
        "netincomeloss": 77700000,
        "earningspersharebasic": 1.43,
        "earningspersharediluted": 1.42,
        "commonstockdividendspersharedeclared": 0.98,
        "othercomprehensiveincomeforeigncurrencytransactionandtranslationgainlossarisingduringperiodnetoftax": -6600000,
        "othercomprehensiveincomelosspensionandotherpostretirementbenefitplansadjustmentnetoftax": -2000000,
        "othercomprehensiveincomelossavailableforsalesecuritiesadjustmentnetoftax": -100000,
        "othercomprehensiveincomelosscashflowhedgegainlossafterreclassificationandtax": 100000,
        "othercomprehensiveincomelossnetoftax": -6600000,
        "comprehensiveincomenetoftaxincludingportionattributabletononcontrollinginterest": 74500000,
        "comprehensiveincomenetoftaxattributabletononcontrollinginterest": 1400000,
        "comprehensiveincomenetoftax": 73100000,
        "othercomprehensiveincomedefinedbenefitplansnetunamortizedgainlossarisingduringperiodtax": 700000
    },
    {
        "date": "2020-12-30",
        "symbol": "HUBB",
        "period": "Q4",
        "costofgoodsandservicessold": 2976000000,
        "grossprofit": 285700000,
        "sellinggeneralandadministrativeexpense": 165900000,
        "operatingincomeloss": 305500000,
        "othernonoperatingincomeexpense": -2700000,
        "totalotherexpensenet": -18200000,
        "incomelossfromcontinuingoperationsbeforeincometaxesminorityinterestandincomelossfromequitymethodinvestments": 467000000,
        "incometaxexpensebenefit": 100900000,
        "profitloss": 365400000,
        "netincomelossattributabletononcontrollinginterest": 1700000,
        "netincomeloss": 80900000,
        "earningspersharebasic": 1.4900000000000002,
        "earningspersharediluted": 1.4799999999999995,
        "othercomprehensiveincomeforeigncurrencytransactionandtranslationgainlossarisingduringperiodnetoftax": 24500000,
        "othercomprehensiveincomelosspensionandotherpostretirementbenefitplansadjustmentnetoftax": -3400000,
        "othercomprehensiveincomelossavailableforsalesecuritiesadjustmentnetoftax": -100000,
        "othercomprehensiveincomelosscashflowhedgegainlossafterreclassificationandtax": -700000,
        "othercomprehensiveincomelossnetoftax": 15900000,
        "comprehensiveincomenetoftaxincludingportionattributabletononcontrollinginterest": 109700000,
        "comprehensiveincomenetoftaxattributabletononcontrollinginterest": 1700000,
        "comprehensiveincomenetoftax": 108000000,
        "othercomprehensiveincomedefinedbenefitplansnetunamortizedgainlossarisingduringperiodtax": 1100000,
        "othercomprehensiveincomelosscashflowhedgegainlossafterreclassificationtax": -200000
    },
    {
        "date": "2020-09-29",
        "symbol": "HUBB",
        "period": "Q3",
        "revenuefromcontractwithcustomerexcludingassessedtax": 0,
        "costofgoodsandservicessold": 200000,
        "grossprofit": 329600000,
        "sellinggeneralandadministrativeexpense": 166700000,
        "operatingincomeloss": 92300000,
        "interestincomeexpensenet": -15000000,
        "othernonoperatingincomeexpense": -2300000,
        "totalotherexpensenet": -23900000,
        "incomelossfromcontinuingoperationsbeforeincometaxesminorityinterestandincomelossfromequitymethodinvestments": -8900000,
        "incometaxexpensebenefit": -2300000,
        "profitloss": -6500000,
        "netincomelossattributabletononcontrollinginterest": 1500000,
        "netincomeloss": 107100000,
        "earningspersharebasic": 1.9699999999999998,
        "earningspersharediluted": 1.96,
        "commonstockdividendspersharedeclared": 0.9099999999999998,
        "othercomprehensiveincomeforeigncurrencytransactionandtranslationgainlossarisingduringperiodnetoftax": 11600000,
        "othercomprehensiveincomelosspensionandotherpostretirementbenefitplansadjustmentnetoftax": 15700000,
        "othercomprehensiveincomelossavailableforsalesecuritiesadjustmentnetoftax": 100000,
        "othercomprehensiveincomelosscashflowhedgegainlossafterreclassificationandtax": -400000,
        "othercomprehensiveincomelossnetoftax": 10000000,
        "comprehensiveincomenetoftaxincludingportionattributabletononcontrollinginterest": 104200000,
        "comprehensiveincomenetoftaxattributabletononcontrollinginterest": 1500000,
        "comprehensiveincomenetoftax": 102700000,
        "othercomprehensiveincomedefinedbenefitplansnetunamortizedgainlossarisingduringperiodtax": -5100000,
        "othercomprehensiveincomelosscashflowhedgegainlossafterreclassificationtax": -200000
    },
    {
        "date": "2020-06-29",
        "symbol": "HUBB",
        "period": "Q2",
        "revenuefromcontractwithcustomerexcludingassessedtax": 200000,
        "costofgoodsandservicessold": 300000,
        "grossprofit": 280500000,
        "sellinggeneralandadministrativeexpense": 149000000,
        "operatingincomeloss": 74400000,
        "interestincomeexpensenet": -15700000,
        "othernonoperatingincomeexpense": -2800000,
        "totalotherexpensenet": -18500000,
        "incomelossfromcontinuingoperationsbeforeincometaxesminorityinterestandincomelossfromequitymethodinvestments": -2300000,
        "incometaxexpensebenefit": -500000,
        "profitloss": -1400000,
        "netincomelossattributabletononcontrollinginterest": 900000,
        "netincomeloss": 88200000,
        "earningspersharebasic": 1.62,
        "earningspersharediluted": 1.62,
        "commonstockdividendspersharedeclared": 0.91,
        "othercomprehensiveincomeforeigncurrencytransactionandtranslationgainlossarisingduringperiodnetoftax": 1800000,
        "othercomprehensiveincomelosspensionandotherpostretirementbenefitplansadjustmentnetoftax": -1800000,
        "othercomprehensiveincomelossavailableforsalesecuritiesadjustmentnetoftax": 500000,
        "othercomprehensiveincomelosscashflowhedgegainlossafterreclassificationandtax": -700000,
        "othercomprehensiveincomelossnetoftax": 3400000,
        "comprehensiveincomenetoftaxincludingportionattributabletononcontrollinginterest": 92500000,
        "comprehensiveincomenetoftaxattributabletononcontrollinginterest": 900000,
        "comprehensiveincomenetoftax": 91600000,
        "othercomprehensiveincomedefinedbenefitplansnetunamortizedgainlossarisingduringperiodtax": 500000,
        "othercomprehensiveincomelossavailableforsalesecuritiestax": 100000,
        "othercomprehensiveincomelosscashflowhedgegainlossafterreclassificationtax": -300000
    },
    {
        "date": "2020-03-30",
        "symbol": "HUBB",
        "period": "Q1",
        "profitloss": -1500000,
        "othercomprehensiveincomeforeigncurrencytransactionandtranslationgainlossarisingduringperiodnetoftax": -25600000,
        "othercomprehensiveincomelosspensionandotherpostretirementbenefitplansadjustmentnetoftax": -1700000,
        "othercomprehensiveincomelossavailableforsalesecuritiesadjustmentnetoftax": -100000,
        "othercomprehensiveincomelosscashflowhedgegainlossafterreclassificationandtax": 1600000,
        "othercomprehensiveincomelossnetoftax": -25600000,
        "comprehensiveincomenetoftaxincludingportionattributabletononcontrollinginterest": 53300000,
        "comprehensiveincomenetoftaxattributabletononcontrollinginterest": 700000,
        "comprehensiveincomenetoftax": 52600000,
        "othercomprehensiveincomedefinedbenefitplansnetunamortizedgainlossarisingduringperiodtax": 600000,
        "othercomprehensiveincomelosscashflowhedgegainlossafterreclassificationtax": 600000,
        "revenuefromcontractwithcustomerexcludingassessedtax": 100000,
        "costofgoodsandservicessold": 200000,
        "grossprofit": 313500000,
        "sellinggeneralandadministrativeexpense": 194700000,
        "operatingincomeloss": 60800000,
        "interestincomeexpensenet": -15100000,
        "othernonoperatingincomeexpense": -3800000,
        "totalotherexpensenet": -18900000,
        "incomelossfromcontinuingoperationsbeforeincometaxesminorityinterestandincomelossfromequitymethodinvestments": -2300000,
        "incometaxexpensebenefit": -600000,
        "netincomelossattributabletononcontrollinginterest": 700000,
        "netincomeloss": 75000000,
        "earningspersharebasic": 1.38,
        "earningspersharediluted": 1.37,
        "commonstockdividendspersharedeclared": 0.91
    },
    {
        "date": "2019-12-30",
        "symbol": "HUBB",
        "period": "Q4",
        "profitloss": 103100000,
        "othercomprehensiveincomeforeigncurrencytransactionandtranslationgainlossarisingduringperiodnetoftax": 12600000,
        "othercomprehensiveincomelosspensionandotherpostretirementbenefitplansadjustmentnetoftax": 19800000,
        "othercomprehensiveincomelossavailableforsalesecuritiesadjustmentnetoftax": 100000,
        "comprehensiveincomenetoftaxincludingportionattributabletononcontrollinginterest": 95900000,
        "comprehensiveincomenetoftaxattributabletononcontrollinginterest": 1200000,
        "comprehensiveincomenetoftax": 94700000,
        "othercomprehensiveincomedefinedbenefitplansnetunamortizedgainlossarisingduringperiodtax": -7100000,
        "revenuefromcontractwithcustomerexcludingassessedtax": 4590600000,
        "grossprofit": 326000000,
        "sellinggeneralandadministrativeexpense": 190100000,
        "operatingincomeloss": 382700000,
        "othernonoperatingincomeexpense": -19600000,
        "totalotherexpensenet": -5000000,
        "incomelossfromcontinuingoperationsbeforeincometaxesminorityinterestandincomelossfromequitymethodinvestments": 519600000,
        "incometaxexpensebenefit": 112900000,
        "netincomelossattributabletononcontrollinginterest": 1200000,
        "netincomeloss": 101900000,
        "earningspersharebasic": 1.8699999999999994,
        "earningspersharediluted": 1.8599999999999997
    },
    {
        "date": "2019-09-29",
        "symbol": "HUBB",
        "period": "Q3",
        "profitloss": 231700000,
        "othercomprehensiveincomeforeigncurrencytransactionandtranslationgainlossarisingduringperiodnetoftax": -12200000,
        "othercomprehensiveincomelosspensionandotherpostretirementbenefitplansadjustmentnetoftax": -1900000,
        "othercomprehensiveincomelossavailableforsalesecuritiesadjustmentnetoftax": 1900000,
        "othercomprehensiveincomelossderivativesqualifyingashedgesnetoftax": 100000,
        "othercomprehensiveincomelossnetoftaxportionattributabletoparent": -16000000,
        "comprehensiveincomenetoftaxincludingportionattributabletononcontrollinginterest": 116600000,
        "comprehensiveincomenetoftaxattributabletononcontrollinginterest": 1900000,
        "comprehensiveincomenetoftax": 114700000,
        "othercomprehensiveincomedefinedbenefitplansnetunamortizedgainlossarisingduringperiodtax": 700000,
        "othercomprehensiveincomelossavailableforsalesecuritiestax": 0,
        "othercomprehensiveincomeunrealizedgainlossonderivativesarisingduringperiodtax": 100000,
        "revenuefromcontractwithcustomerexcludingassessedtax": -456800000,
        "costofgoodsandservicessold": 0,
        "grossprofit": 362000000,
        "sellinggeneralandadministrativeexpense": 189100000,
        "operatingincomeloss": 82700000,
        "interestincomeexpensenet": -17000000,
        "othernonoperatingincomeexpense": 6800000,
        "totalotherexpensenet": -4900000,
        "incomelossfromcontinuingoperationsbeforeincometaxesminorityinterestandincomelossfromequitymethodinvestments": 100000,
        "incometaxexpensebenefit": -25700000,
        "netincomelossattributabletononcontrollinginterest": 1900000,
        "netincomeloss": 130700000,
        "earningspersharebasic": 2.4000000000000004,
        "earningspersharediluted": 2.38,
        "commonstockdividendspersharedeclared": 0.8400000000000002
    },
    {
        "date": "2019-06-29",
        "symbol": "HUBB",
        "period": "Q2",
        "profitloss": 300000,
        "othercomprehensiveincomeforeigncurrencytransactionandtranslationgainlossarisingduringperiodnetoftax": -3800000,
        "othercomprehensiveincomelosspensionandotherpostretirementbenefitplansadjustmentnetoftax": -1900000,
        "othercomprehensiveincomelossavailableforsalesecuritiesadjustmentnetoftax": 300000,
        "othercomprehensiveincomelossderivativesqualifyingashedgesnetoftax": -700000,
        "othercomprehensiveincomelossnetoftaxportionattributabletoparent": -2300000,
        "comprehensiveincomenetoftaxincludingportionattributabletononcontrollinginterest": 95600000,
        "comprehensiveincomenetoftaxattributabletononcontrollinginterest": 1900000,
        "comprehensiveincomenetoftax": 93700000,
        "othercomprehensiveincomedefinedbenefitplansnetunamortizedgainlossarisingduringperiodtax": 600000,
        "othercomprehensiveincomelossavailableforsalesecuritiestax": 100000,
        "othercomprehensiveincomeunrealizedgainlossonderivativesarisingduringperiodtax": -300000,
        "revenuefromcontractwithcustomerexcludingassessedtax": 100000,
        "costofgoodsandservicessold": -200000,
        "grossprofit": 357400000,
        "sellinggeneralandadministrativeexpense": 190500000,
        "operatingincomeloss": 78900000,
        "interestincomeexpensenet": -17200000,
        "multiemployerpensioncostwithdrawalliability": 22900000,
        "othernonoperatingincomeexpense": -3200000,
        "totalotherexpensenet": -43300000,
        "incomelossfromcontinuingoperationsbeforeincometaxesminorityinterestandincomelossfromequitymethodinvestments": 300000,
        "incometaxexpensebenefit": 25700000,
        "netincomelossattributabletononcontrollinginterest": 1900000,
        "netincomeloss": 96000000,
        "earningspersharebasic": 1.76,
        "earningspersharediluted": 1.75,
        "commonstockdividendspersharedeclared": 0.84
    },
    {
        "date": "2019-03-30",
        "symbol": "HUBB",
        "period": "Q1",
        "profitloss": 72300000,
        "othercomprehensiveincomeforeigncurrencytransactionandtranslationgainlossarisingduringperiodnetoftax": 7100000,
        "othercomprehensiveincomelosspensionandotherpostretirementbenefitplansadjustmentnetoftax": -1500000,
        "othercomprehensiveincomelossavailableforsalesecuritiesadjustmentnetoftax": 300000,
        "othercomprehensiveincomelossderivativesqualifyingashedgesnetoftax": -600000,
        "othercomprehensiveincomelossnetoftaxportionattributabletoparent": 8300000,
        "comprehensiveincomenetoftaxincludingportionattributabletononcontrollinginterest": 82100000,
        "comprehensiveincomenetoftaxattributabletononcontrollinginterest": 1500000,
        "comprehensiveincomenetoftax": 80600000,
        "othercomprehensiveincomedefinedbenefitplansnetunamortizedgainlossarisingduringperiodtax": 500000,
        "othercomprehensiveincomelossavailableforsalesecuritiestax": 100000,
        "othercomprehensiveincomeunrealizedgainlossonderivativesarisingduringperiodtax": -200000,
        "revenuefromcontractwithcustomerexcludingassessedtax": 457100000,
        "costofgoodsandservicessold": -300000,
        "grossprofit": 307300000,
        "sellinggeneralandadministrativeexpense": 186400000,
        "operatingincomeloss": 52300000,
        "interestincomeexpensenet": -17500000,
        "othernonoperatingincomeexpense": -5400000,
        "totalotherexpensenet": -22900000,
        "incomelossfromcontinuingoperationsbeforeincometaxesminorityinterestandincomelossfromequitymethodinvestments": 500000,
        "incometaxexpensebenefit": 200000,
        "netincomelossattributabletononcontrollinginterest": 1500000,
        "netincomeloss": 72300000,
        "earningspersharebasic": 1.32,
        "earningspersharediluted": 1.32,
        "commonstockdividendspersharedeclared": 0.84
    },
    {
        "date": "2018-12-30",
        "symbol": "HUBB",
        "period": "Q4",
        "profitloss": 366000000,
        "othercomprehensiveincomeforeigncurrencytransactionandtranslationgainlossarisingduringperiodnetoftax": -12400000,
        "othercomprehensiveincomelosspensionandotherpostretirementbenefitplansadjustmentnetoftax": -6900000,
        "othercomprehensiveincomelossderivativesqualifyingashedgesnetoftax": 900000,
        "comprehensiveincomenetoftaxincludingportionattributabletononcontrollinginterest": 88300000,
        "comprehensiveincomenetoftaxattributabletononcontrollinginterest": 1200000,
        "comprehensiveincomenetoftax": 82400000,
        "othercomprehensiveincomedefinedbenefitplansnetunamortizedgainlossarisingduringperiodtax": 3500000,
        "othercomprehensiveincomeunrealizedgainlossonderivativesarisingduringperiodtax": 300000,
        "costofgoodsandservicessold": -2600000,
        "grossprofit": 320600000,
        "sellinggeneralandadministrativeexpense": 184000000,
        "operatingincomeloss": 62300000,
        "othernonoperatingincomeexpense": -18300000,
        "totalotherexpensenet": -21900000,
        "incomelossfromcontinuingoperationsbeforeincometaxesminorityinterestandincomelossfromequitymethodinvestments": -2300000,
        "incometaxexpensebenefit": -700000,
        "netincomelossattributabletononcontrollinginterest": 1200000,
        "netincomeloss": 700000,
        "earningspersharebasic": 1.6099999999999999,
        "earningspersharediluted": 0.010000000000000002
    },
    {
        "date": "2018-09-29",
        "symbol": "HUBB",
        "period": "Q3",
        "profitloss": -63700000,
        "othercomprehensiveincomeforeigncurrencytransactionandtranslationgainlossarisingduringperiodnetoftax": -700000,
        "othercomprehensiveincomelosspensionandotherpostretirementbenefitplansadjustmentnetoftax": -7000000,
        "othercomprehensiveincomelossavailableforsalesecuritiesadjustmentnetoftax": 0,
        "othercomprehensiveincomelossderivativesqualifyingashedgesnetoftax": -900000,
        "othercomprehensiveincomelossnetoftaxportionattributabletoparent": 5400000,
        "comprehensiveincomenetoftaxincludingportionattributabletononcontrollinginterest": 116900000,
        "comprehensiveincomenetoftaxattributabletononcontrollinginterest": 1100000,
        "comprehensiveincomenetoftax": 119000000,
        "othercomprehensiveincomedefinedbenefitplansnetunamortizedgainlossarisingduringperiodtax": 1600000,
        "othercomprehensiveincomeunrealizedgainlossonderivativesarisingduringperiodtax": -400000,
        "costofgoodsandservicessold": 700000,
        "grossprofit": 349000000,
        "sellinggeneralandadministrativeexpense": 185200000,
        "operatingincomeloss": 69800000,
        "interestincomeexpensenet": -18400000,
        "othernonoperatingincomeexpense": 6900000,
        "totalotherexpensenet": -21300000,
        "incomelossfromcontinuingoperationsbeforeincometaxesminorityinterestandincomelossfromequitymethodinvestments": -80800000,
        "incometaxexpensebenefit": -17100000,
        "netincomelossattributabletononcontrollinginterest": 1100000,
        "netincomeloss": 4600000,
        "earningspersharebasic": 2.07,
        "earningspersharediluted": 0.06,
        "commonstockdividendspersharedeclared": 0.77
    },
    {
        "date": "2018-06-29",
        "symbol": "HUBB",
        "period": "Q2",
        "profitloss": -1900000,
        "othercomprehensiveincomeforeigncurrencytransactionandtranslationgainlossarisingduringperiodnetoftax": -30600000,
        "othercomprehensiveincomelosspensionandotherpostretirementbenefitplansadjustmentnetoftax": -1900000,
        "othercomprehensiveincomelossavailableforsalesecuritiesadjustmentnetoftax": -100000,
        "othercomprehensiveincomelossderivativesqualifyingashedgesnetoftax": 1000000,
        "othercomprehensiveincomelossnetoftaxportionattributabletoparent": -27800000,
        "comprehensiveincomenetoftaxincludingportionattributabletononcontrollinginterest": 74600000,
        "comprehensiveincomenetoftaxattributabletononcontrollinginterest": 2100000,
        "comprehensiveincomenetoftax": 72500000,
        "othercomprehensiveincomedefinedbenefitplansnetunamortizedgainlossarisingduringperiodtax": 600000,
        "othercomprehensiveincomeunrealizedgainlossonderivativesarisingduringperiodtax": 400000,
        "revenuefromcontractwithcustomerexcludingassessedtax": 478100000,
        "costofgoodsandservicessold": 800000,
        "grossprofit": 347900000,
        "sellinggeneralandadministrativeexpense": 191000000,
        "operatingincomeloss": 65600000,
        "interestincomeexpensenet": -18800000,
        "othernonoperatingincomeexpense": 300000,
        "totalotherexpensenet": -22900000,
        "incomelossfromcontinuingoperationsbeforeincometaxesminorityinterestandincomelossfromequitymethodinvestments": -2500000,
        "incometaxexpensebenefit": -600000,
        "netincomelossattributabletononcontrollinginterest": 2100000,
        "netincomeloss": 600000,
        "earningspersharebasic": 1.83,
        "earningspersharediluted": 0.01,
        "commonstockdividendspersharedeclared": 0.77
    },
    {
        "date": "2018-03-30",
        "symbol": "HUBB",
        "period": "Q1",
        "profitloss": 59800000,
        "othercomprehensiveincomeforeigncurrencytransactionandtranslationgainlossarisingduringperiodnetoftax": 9800000,
        "othercomprehensiveincomelosspensionandotherpostretirementbenefitplansadjustmentnetoftax": -2000000,
        "othercomprehensiveincomelossavailableforsalesecuritiesadjustmentnetoftax": -300000,
        "othercomprehensiveincomelossderivativesqualifyingashedgesnetoftax": 600000,
        "othercomprehensiveincomelossnetoftaxportionattributabletoparent": 12100000,
        "comprehensiveincomenetoftaxincludingportionattributabletononcontrollinginterest": 70400000,
        "comprehensiveincomenetoftaxattributabletononcontrollinginterest": 1500000,
        "comprehensiveincomenetoftax": 70400000,
        "othercomprehensiveincomedefinedbenefitplansnetunamortizedgainlossarisingduringperiodtax": 600000,
        "othercomprehensiveincomeunrealizedgainlossonderivativesarisingduringperiodtax": 200000,
        "salesrevenuenet": 373100000,
        "costofgoodsandservicessold": 800000,
        "grossprofit": 282900000,
        "sellinggeneralandadministrativeexpense": 183300000,
        "operatingincomeloss": 38400000,
        "interestincomeexpensenet": -17300000,
        "othernonoperatingincomeexpense": -6500000,
        "totalotherexpensenet": -23800000,
        "incomelossfromcontinuingoperationsbeforeincometaxesminorityinterestandincomelossfromequitymethodinvestments": 75800000,
        "incometaxexpensebenefit": 16000000,
        "netincomelossattributabletononcontrollinginterest": 1500000,
        "netincomeloss": -2100000,
        "earningspersharebasic": 1.06,
        "earningspersharediluted": -0.03,
        "commonstockdividendspersharedeclared": 0.77
    },
    {
        "date": "2017-12-30",
        "symbol": "HUBB",
        "period": "Q4",
        "profitloss": 15600000,
        "othercomprehensiveincomeforeigncurrencytransactionandtranslationgainlossarisingduringperiodnetoftax": -6400000,
        "othercomprehensiveincomelosspensionandotherpostretirementbenefitplansadjustmentnetoftax": 1500000,
        "othercomprehensiveincomelossavailableforsalesecuritiesadjustmentnetoftax": -400000,
        "othercomprehensiveincomelossderivativesqualifyingashedgesnetoftax": 1100000,
        "comprehensiveincomenetoftaxincludingportionattributabletononcontrollinginterest": 18000000,
        "comprehensiveincomenetoftaxattributabletononcontrollinginterest": 2000000,
        "comprehensiveincomenetoftax": 13200000,
        "othercomprehensiveincomedefinedbenefitplansnetunamortizedgainlossarisingduringperiodtax": -1800000,
        "othercomprehensiveincomeunrealizedgainlossonderivativesarisingduringperiodtax": 500000,
        "salesrevenuenet": -465300000,
        "costofgoodsandservicessold": -1245400000,
        "grossprofit": 288500000,
        "sellinggeneralandadministrativeexpense": 165900000,
        "operatingincomeloss": -92900000,
        "othernonoperatingincomeexpense": -1000000,
        "totalotherexpensenet": -10700000,
        "incomelossfromcontinuingoperationsbeforeincometaxesminorityinterestandincomelossfromequitymethodinvestments": -208300000,
        "incometaxexpensebenefit": -63100000,
        "netincomelossattributabletononcontrollinginterest": 2000000,
        "netincomeloss": 20400000,
        "earningspersharebasic": 0.38000000000000034,
        "earningspersharediluted": 0.3599999999999999
    },
    {
        "date": "2017-09-29",
        "symbol": "HUBB",
        "period": "Q3",
        "othercomprehensiveincomedefinedbenefitplansnetunamortizedgainlossarisingduringperiodtax": 900000,
        "othercomprehensiveincomelossavailableforsalesecuritiestax": 300000,
        "othercomprehensiveincomeunrealizedgainlossonderivativesarisingduringperiodtax": -500000,
        "profitloss": 82800000,
        "othercomprehensiveincomeforeigncurrencytransactionandtranslationgainlossarisingduringperiodnetoftax": 16100000,
        "othercomprehensiveincomelosspensionandotherpostretirementbenefitplansadjustmentnetoftax": -1800000,
        "othercomprehensiveincomelossavailableforsalesecuritiesadjustmentnetoftax": 500000,
        "othercomprehensiveincomelossderivativesqualifyingashedgesnetoftax": -1000000,
        "othercomprehensiveincomelossnetoftax": 17400000,
        "comprehensiveincomenetoftaxincludingportionattributabletononcontrollinginterest": 100200000,
        "comprehensiveincomenetoftaxattributabletononcontrollinginterest": 2000000,
        "comprehensiveincomenetoftax": 98200000,
        "salesrevenuenet": 296500000,
        "costofgoodsandservicessold": 400000,
        "grossprofit": 306900000,
        "sellinggeneralandadministrativeexpense": 160500000,
        "operatingincomeloss": 60800000,
        "interestincomeexpensenet": -11600000,
        "gainslossesonextinguishmentofdebt": -10100000,
        "othernonoperatingincomeexpense": -1100000,
        "totalotherexpensenet": -22800000,
        "incomelossfromcontinuingoperationsbeforeincometaxesminorityinterestandincomelossfromequitymethodinvestments": -600000,
        "incometaxexpensebenefit": -200000,
        "netincomelossattributabletononcontrollinginterest": 2000000,
        "netincomeloss": 80800000,
        "earningspersharebasic": 1.47,
        "earningspersharediluted": 1.47,
        "commonstockdividendspersharedeclared": 0.7
    },
    {
        "date": "2017-06-29",
        "symbol": "HUBB",
        "period": "Q2",
        "othercomprehensiveincomedefinedbenefitplansnetunamortizedgainlossarisingduringperiodtax": 1000000,
        "othercomprehensiveincomelossavailableforsalesecuritiestax": 0,
        "othercomprehensiveincomeunrealizedgainlossonderivativesarisingduringperiodtax": -300000,
        "profitloss": 80800000,
        "othercomprehensiveincomeforeigncurrencytransactionandtranslationgainlossarisingduringperiodnetoftax": 7700000,
        "othercomprehensiveincomelosspensionandotherpostretirementbenefitplansadjustmentnetoftax": -2000000,
        "othercomprehensiveincomelossavailableforsalesecuritiesadjustmentnetoftax": 100000,
        "othercomprehensiveincomelossderivativesqualifyingashedgesnetoftax": -800000,
        "othercomprehensiveincomelossnetoftaxportionattributabletoparent": 9000000,
        "comprehensiveincomenetoftaxincludingportionattributabletononcontrollinginterest": 88100000,
        "comprehensiveincomenetoftaxattributabletononcontrollinginterest": 1700000,
        "comprehensiveincomenetoftax": 88100000,
        "salesrevenuenet": -30800000,
        "costofgoodsandservicessold": 653600000,
        "grossprofit": 294700000,
        "sellinggeneralandadministrativeexpense": 164100000,
        "operatingincomeloss": 63700000,
        "interestincomeexpensenet": -11600000,
        "othernonoperatingincomeexpense": -2300000,
        "totalotherexpensenet": -13900000,
        "incomelossfromcontinuingoperationsbeforeincometaxesminorityinterestandincomelossfromequitymethodinvestments": 116700000,
        "incometaxexpensebenefit": 35900000,
        "netincomelossattributabletononcontrollinginterest": 1700000,
        "netincomeloss": 79100000,
        "earningspersharebasic": 1.44,
        "earningspersharediluted": 1.4300000000000002,
        "commonstockdividendspersharedeclared": 0.7
    },
    {
        "date": "2017-03-30",
        "symbol": "HUBB",
        "period": "Q1",
        "othercomprehensiveincomedefinedbenefitplansnetunamortizedgainlossarisingduringperiodtax": 900000,
        "othercomprehensiveincomelossavailableforsalesecuritiestax": 400000,
        "othercomprehensiveincomeunrealizedgainlossonderivativesarisingduringperiodtax": -100000,
        "profitloss": 63900000,
        "othercomprehensiveincomeforeigncurrencytransactionandtranslationgainlossarisingduringperiodnetoftax": 11500000,
        "othercomprehensiveincomelosspensionandotherpostretirementbenefitplansadjustmentnetoftax": -1700000,
        "othercomprehensiveincomelossavailableforsalesecuritiesadjustmentnetoftax": 400000,
        "othercomprehensiveincomelossderivativesqualifyingashedgesnetoftax": -100000,
        "othercomprehensiveincomelossnetoftaxportionattributabletoparent": 13500000,
        "comprehensiveincomenetoftaxincludingportionattributabletononcontrollinginterest": 76300000,
        "comprehensiveincomenetoftaxattributabletononcontrollinginterest": 1100000,
        "comprehensiveincomenetoftax": 76300000,
        "salesrevenuenet": 587500000,
        "costofgoodsandservicessold": 590500000,
        "grossprofit": 261800000,
        "sellinggeneralandadministrativeexpense": 157700000,
        "operatingincomeloss": 50000000,
        "interestincomeexpensenet": -11100000,
        "othernonoperatingincomeexpense": -2100000,
        "totalotherexpensenet": -13200000,
        "incomelossfromcontinuingoperationsbeforeincometaxesminorityinterestandincomelossfromequitymethodinvestments": 90900000,
        "incometaxexpensebenefit": 27000000,
        "netincomelossattributabletononcontrollinginterest": 1100000,
        "netincomeloss": 62800000,
        "earningspersharebasic": 1.13,
        "earningspersharediluted": 1.13,
        "commonstockdividendspersharedeclared": 0.7
    },
    {
        "date": "2016-12-30",
        "symbol": "HUBB",
        "period": "Q4",
        "profitloss": 60900000,
        "othercomprehensiveincomeforeigncurrencytransactionandtranslationgainlossarisingduringperiodnetoftax": -19700000,
        "othercomprehensiveincomelosspensionandotherpostretirementbenefitplansadjustmentnetoftax": 46500000,
        "othercomprehensiveincomelossavailableforsalesecuritiesadjustmentnetoftax": -1500000,
        "othercomprehensiveincomelossderivativesqualifyingashedgesnetoftax": 500000,
        "comprehensiveincomenetoftaxincludingportionattributabletononcontrollinginterest": 600000,
        "comprehensiveincomenetoftaxattributabletononcontrollinginterest": 1300000,
        "comprehensiveincomenetoftax": -2800000,
        "othercomprehensiveincomedefinedbenefitplansnetunamortizedgainlossarisingduringperiodtax": -22500000,
        "othercomprehensiveincomelossavailableforsalesecuritiestax": -300000,
        "othercomprehensiveincomeunrealizedgainlossonderivativesarisingduringperiodtax": 300000,
        "salesrevenuenet": 772400000,
        "costofgoodsandservicessold": 0,
        "grossprofit": 258600000,
        "sellinggeneralandadministrativeexpense": 150800000,
        "operatingincomeloss": -97900000,
        "othernonoperatingincomeexpense": 1100000,
        "totalotherexpensenet": -9900000,
        "incomelossfromcontinuingoperationsbeforeincometaxesminorityinterestandincomelossfromequitymethodinvestments": 430300000,
        "incometaxexpensebenefit": 132600000,
        "netincomelossattributabletononcontrollinginterest": 1300000,
        "netincomeloss": 64400000,
        "earningspersharebasic": 1.1599999999999997,
        "earningspersharediluted": 1.1500000000000004
    },
    {
        "date": "2016-09-29",
        "symbol": "HUBB",
        "period": "Q3",
        "othercomprehensiveincomedefinedbenefitplansnetunamortizedgainlossarisingduringperiodtax": 1100000,
        "othercomprehensiveincomelossavailableforsalesecuritiestax": -100000,
        "othercomprehensiveincomeunrealizedgainlossonderivativesarisingduringperiodtax": 200000,
        "profitloss": 88100000,
        "othercomprehensiveincomeforeigncurrencytransactionandtranslationgainlossarisingduringperiodnetoftax": -2600000,
        "othercomprehensiveincomelosspensionandotherpostretirementbenefitplansadjustmentnetoftax": -2100000,
        "othercomprehensiveincomelossavailableforsalesecuritiesadjustmentnetoftax": -200000,
        "othercomprehensiveincomelossderivativesqualifyingashedgesnetoftax": 600000,
        "othercomprehensiveincomelossnetoftaxportionattributabletoparent": -100000,
        "comprehensiveincomenetoftaxincludingportionattributabletononcontrollinginterest": 88000000,
        "comprehensiveincomenetoftaxattributabletononcontrollinginterest": 1400000,
        "comprehensiveincomenetoftax": 86600000,
        "salesrevenuenet": 272800000,
        "costofgoodsandservicessold": -400000,
        "grossprofit": 288700000,
        "sellinggeneralandadministrativeexpense": 152700000,
        "operatingincomeloss": 55100000,
        "interestincomeexpensenet": -11600000,
        "othernonoperatingincomeexpense": -300000,
        "totalotherexpensenet": -11900000,
        "incomelossfromcontinuingoperationsbeforeincometaxesminorityinterestandincomelossfromequitymethodinvestments": -400000,
        "incometaxexpensebenefit": -100000,
        "netincomelossattributabletononcontrollinginterest": 1400000,
        "netincomeloss": 86700000,
        "earningspersharebasic": 1.56,
        "earningspersharediluted": 1.56,
        "commonstockdividendspersharedeclared": 0.63
    },
    {
        "date": "2016-06-29",
        "symbol": "HUBB",
        "period": "Q2",
        "othercomprehensiveincomedefinedbenefitplansnetunamortizedgainlossarisingduringperiodtax": 1400000,
        "othercomprehensiveincomelossavailableforsalesecuritiestax": 100000,
        "othercomprehensiveincomeunrealizedgainlossonderivativesarisingduringperiodtax": -600000,
        "profitloss": 82000000,
        "othercomprehensiveincomeforeigncurrencytransactionandtranslationgainlossarisingduringperiodnetoftax": -13800000,
        "othercomprehensiveincomelosspensionandotherpostretirementbenefitplansadjustmentnetoftax": -2100000,
        "othercomprehensiveincomelossavailableforsalesecuritiesadjustmentnetoftax": 200000,
        "othercomprehensiveincomelossderivativesqualifyingashedgesnetoftax": -200000,
        "othercomprehensiveincomelossnetoftaxportionattributabletoparent": -11700000,
        "comprehensiveincomenetoftaxincludingportionattributabletononcontrollinginterest": 69300000,
        "comprehensiveincomenetoftaxattributabletononcontrollinginterest": 1000000,
        "comprehensiveincomenetoftax": 69300000,
        "salesrevenuenet": -582900000,
        "costofgoodsandservicessold": -574200000,
        "grossprofit": 293500000,
        "sellinggeneralandadministrativeexpense": 161400000,
        "operatingincomeloss": 46100000,
        "interestincomeexpensenet": -11300000,
        "othernonoperatingincomeexpense": -4000000,
        "totalotherexpensenet": -15300000,
        "incomelossfromcontinuingoperationsbeforeincometaxesminorityinterestandincomelossfromequitymethodinvestments": -91100000,
        "incometaxexpensebenefit": -29500000,
        "netincomelossattributabletononcontrollinginterest": 1000000,
        "netincomeloss": 81000000,
        "earningspersharebasic": 1.46,
        "earningspersharediluted": 1.4499999999999997,
        "commonstockdividendspersharedeclared": 0.63
    },
    {
        "date": "2016-03-30",
        "symbol": "HUBB",
        "period": "Q1",
        "othercomprehensiveincomedefinedbenefitplansnetunamortizedgainlossarisingduringperiodtax": 1100000,
        "othercomprehensiveincomelossavailableforsalesecuritiestax": 200000,
        "othercomprehensiveincomeunrealizedgainlossonderivativesarisingduringperiodtax": -400000,
        "profitloss": 62000000,
        "othercomprehensiveincomeforeigncurrencytransactionandtranslationgainlossarisingduringperiodnetoftax": 700000,
        "othercomprehensiveincomelosspensionandotherpostretirementbenefitplansadjustmentnetoftax": -2000000,
        "othercomprehensiveincomelossavailableforsalesecuritiesadjustmentnetoftax": 300000,
        "othercomprehensiveincomelossderivativesqualifyingashedgesnetoftax": -2300000,
        "othercomprehensiveincomelossnetoftaxportionattributabletoparent": 700000,
        "comprehensiveincomenetoftaxincludingportionattributabletononcontrollinginterest": 61600000,
        "comprehensiveincomenetoftaxattributabletononcontrollinginterest": 1100000,
        "comprehensiveincomenetoftax": 61600000,
        "salesrevenuenet": 582700000,
        "costofgoodsandservicessold": 574900000,
        "grossprofit": 259900000,
        "sellinggeneralandadministrativeexpense": 158000000,
        "operatingincomeloss": 55400000,
        "interestincomeexpensenet": -9000000,
        "othernonoperatingincomeexpense": -1300000,
        "totalotherexpensenet": -10300000,
        "incomelossfromcontinuingoperationsbeforeincometaxesminorityinterestandincomelossfromequitymethodinvestments": 91600000,
        "incometaxexpensebenefit": 29600000,
        "netincomelossattributabletononcontrollinginterest": 1100000,
        "netincomeloss": 60900000,
        "earningspersharebasic": 1.08,
        "earningspersharediluted": 1.08,
        "commonstockdividendspersharedeclared": 0.63
    },
    {
        "date": "2015-12-30",
        "symbol": "HUBB",
        "period": "Q4",
        "profitloss": 57900000,
        "othercomprehensiveincomeforeigncurrencytransactionandtranslationgainlossarisingduringperiodnetoftax": -5400000,
        "othercomprehensiveincomelosspensionandotherpostretirementbenefitplansadjustmentnetoftax": 20800000,
        "othercomprehensiveincomelossderivativesqualifyingashedgesnetoftax": 800000,
        "comprehensiveincomenetoftaxincludingportionattributabletononcontrollinginterest": 40700000,
        "comprehensiveincomenetoftaxattributabletononcontrollinginterest": 1200000,
        "comprehensiveincomenetoftax": 35900000,
        "othercomprehensiveincomedefinedbenefitplansnetunamortizedgainlossarisingduringperiodtax": -7800000,
        "othercomprehensiveincomeunrealizedgainlossonderivativesarisingduringperiodtax": 500000,
        "salesrevenuenet": 243700000,
        "costofgoodsandservicessold": -900000,
        "grossprofit": 263900000,
        "sellinggeneralandadministrativeexpense": 152000000,
        "operatingincomeloss": -97600000,
        "othernonoperatingincomeexpense": -13400000,
        "totalotherexpensenet": -21200000,
        "incomelossfromcontinuingoperationsbeforeincometaxesminorityinterestandincomelossfromequitymethodinvestments": -900000,
        "incometaxexpensebenefit": -4800000,
        "netincomelossattributabletononcontrollinginterest": 1200000,
        "netincomeloss": 61500000,
        "earningspersharebasic": 1.0600000000000007,
        "earningspersharediluted": 1.0599999999999998
    },
    {
        "date": "2015-09-29",
        "symbol": "HUBB",
        "period": "Q3",
        "othercomprehensiveincomedefinedbenefitplansnetunamortizedgainlossarisingduringperiodtax": -1000000,
        "othercomprehensiveincomeunrealizedgainlossonderivativesarisingduringperiodtax": -500000,
        "profitloss": 74700000,
        "othercomprehensiveincomeforeigncurrencytransactionandtranslationgainlossarisingduringperiodnetoftax": -29900000,
        "othercomprehensiveincomelosspensionandotherpostretirementbenefitplansadjustmentnetoftax": -1800000,
        "othercomprehensiveincomelossderivativesqualifyingashedgesnetoftax": 600000,
        "othercomprehensiveincomelossnetoftaxportionattributabletoparent": -27500000,
        "comprehensiveincomenetoftaxincludingportionattributabletononcontrollinginterest": 44600000,
        "comprehensiveincomenetoftaxattributabletononcontrollinginterest": 1400000,
        "comprehensiveincomenetoftax": 45800000,
        "salesrevenuenet": 259400000,
        "costofgoodsandservicessold": -556100000,
        "grossprofit": 291100000,
        "sellinggeneralandadministrativeexpense": 160100000,
        "operatingincomeloss": 52300000,
        "interestincomeexpensenet": -7600000,
        "othernonoperatingincomeexpense": -8200000,
        "totalotherexpensenet": -15800000,
        "incomelossfromcontinuingoperationsbeforeincometaxesminorityinterestandincomelossfromequitymethodinvestments": -93800000,
        "incometaxexpensebenefit": -31100000,
        "netincomelossattributabletononcontrollinginterest": 1400000,
        "netincomeloss": 73300000,
        "earningspersharebasic": 1.2699999999999998,
        "earningspersharediluted": 1.2699999999999998,
        "commonstockdividendspersharedeclared": 0.5599999999999998
    },
    {
        "date": "2015-06-29",
        "symbol": "HUBB",
        "period": "Q2",
        "othercomprehensiveincomedefinedbenefitplansnetunamortizedgainlossarisingduringperiodtax": -900000,
        "othercomprehensiveincomeunrealizedgainlossonderivativesarisingduringperiodtax": 100000,
        "profitloss": 81300000,
        "othercomprehensiveincomeforeigncurrencytransactionandtranslationgainlossarisingduringperiodnetoftax": 13600000,
        "othercomprehensiveincomelosspensionandotherpostretirementbenefitplansadjustmentnetoftax": -1800000,
        "othercomprehensiveincomelossavailableforsalesecuritiesadjustmentnetoftax": -100000,
        "othercomprehensiveincomelossderivativesqualifyingashedgesnetoftax": -700000,
        "othercomprehensiveincomelossnetoftaxportionattributabletoparent": 14600000,
        "comprehensiveincomenetoftaxincludingportionattributabletononcontrollinginterest": 95900000,
        "comprehensiveincomenetoftaxattributabletononcontrollinginterest": 1200000,
        "comprehensiveincomenetoftax": 94700000,
        "salesrevenuenet": 259000000,
        "costofgoodsandservicessold": 400000,
        "grossprofit": 284100000,
        "sellinggeneralandadministrativeexpense": 157400000,
        "operatingincomeloss": 52200000,
        "interestincomeexpensenet": -7400000,
        "othernonoperatingincomeexpense": -1300000,
        "totalotherexpensenet": -8700000,
        "incomelossfromcontinuingoperationsbeforeincometaxesminorityinterestandincomelossfromequitymethodinvestments": 400000,
        "incometaxexpensebenefit": 100000,
        "netincomelossattributabletononcontrollinginterest": 1200000,
        "netincomeloss": 80100000,
        "earningspersharebasic": 1.39,
        "earningspersharediluted": 1.37,
        "commonstockdividendspersharedeclared": 0.56
    },
    {
        "date": "2015-03-30",
        "symbol": "HUBB",
        "period": "Q1",
        "othercomprehensiveincomedefinedbenefitplansnetunamortizedgainlossarisingduringperiodtax": -1000000,
        "othercomprehensiveincomeunrealizedgainlossonderivativesarisingduringperiodtax": 200000,
        "profitloss": 63400000,
        "othercomprehensiveincomeforeigncurrencytransactionandtranslationgainlossarisingduringperiodnetoftax": -23800000,
        "othercomprehensiveincomelosspensionandotherpostretirementbenefitplansadjustmentnetoftax": -1700000,
        "othercomprehensiveincomelossderivativesqualifyingashedgesnetoftax": 700000,
        "othercomprehensiveincomelossnetoftaxportionattributabletoparent": -21400000,
        "comprehensiveincomenetoftaxincludingportionattributabletononcontrollinginterest": 41000000,
        "comprehensiveincomenetoftaxattributabletononcontrollinginterest": 1000000,
        "comprehensiveincomenetoftax": 41000000,
        "salesrevenuenet": 240000000,
        "costofgoodsandservicessold": 557000000,
        "grossprofit": 252700000,
        "sellinggeneralandadministrativeexpense": 147700000,
        "operatingincomeloss": 41600000,
        "interestincomeexpensenet": -7700000,
        "othernonoperatingincomeexpense": -2600000,
        "totalotherexpensenet": -10300000,
        "incomelossfromcontinuingoperationsbeforeincometaxesminorityinterestandincomelossfromequitymethodinvestments": 94700000,
        "incometaxexpensebenefit": 31300000,
        "netincomelossattributabletononcontrollinginterest": 1000000,
        "netincomeloss": 62400000,
        "earningspersharebasic": 1.07,
        "earningspersharediluted": 1.07,
        "commonstockdividendspersharedeclared": 0.56
    },
    {
        "date": "2014-12-30",
        "symbol": "HUBB",
        "period": "Q4",
        "profitloss": 144200000,
        "othercomprehensiveincomeforeigncurrencytransactionandtranslationgainlossarisingduringperiodnetoftax": -24200000,
        "othercomprehensiveincomelosspensionandotherpostretirementbenefitplansadjustmentnetoftax": 59300000,
        "othercomprehensiveincomelossderivativesqualifyingashedgesnetoftax": 100000,
        "comprehensiveincomenetoftaxincludingportionattributabletononcontrollinginterest": -1800000,
        "comprehensiveincomenetoftaxattributabletononcontrollinginterest": -700000,
        "comprehensiveincomenetoftax": -2200000,
        "othercomprehensiveincomedefinedbenefitplansnetunamortizedgainlossarisingduringperiodtax": 33500000,
        "othercomprehensiveincomeunrealizedgainlossonderivativesarisingduringperiodtax": -300000,
        "salesrevenuenet": -242200000,
        "costofgoodsandservicessold": 1700000,
        "grossprofit": 275300000,
        "sellinggeneralandadministrativeexpense": 149200000,
        "operatingincomeloss": -64900000,
        "othernonoperatingincomeexpense": 200000,
        "totalotherexpensenet": -7900000,
        "incomelossfromcontinuingoperationsbeforeincometaxesminorityinterestandincomelossfromequitymethodinvestments": 3200000,
        "incometaxexpensebenefit": 900000,
        "netincomelossattributabletononcontrollinginterest": -700000,
        "netincomeloss": 81300000,
        "earningspersharebasic": 1.38,
        "earningspersharediluted": 1.3800000000000008
    },
    {
        "date": "2014-09-29",
        "symbol": "HUBB",
        "period": "Q3",
        "salesrevenuenet": 253700000,
        "costofgoodsandservicessold": -100000,
        "grossprofit": 296200000,
        "sellinggeneralandadministrativeexpense": 153400000,
        "operatingincomeloss": 50200000,
        "interestincomeexpensenet": -7500000,
        "othernonoperatingincomeexpense": -500000,
        "totalotherexpensenet": -8000000,
        "incomelossfromcontinuingoperationsbeforeincometaxesminorityinterestandincomelossfromequitymethodinvestments": -800000,
        "incometaxexpensebenefit": -100000,
        "profitloss": 90500000,
        "netincomelossattributabletononcontrollinginterest": 900000,
        "netincomeloss": 89600000,
        "earningspersharebasic": 1.52,
        "earningspersharediluted": 1.51,
        "commonstockdividendspersharedeclared": 0.5,
        "othercomprehensiveincomeforeigncurrencytransactionandtranslationgainlossarisingduringperiodnetoftax": -24200000,
        "othercomprehensiveincomelosspensionandotherpostretirementbenefitplansadjustmentnetoftax": -700000,
        "othercomprehensiveincomelossderivativesqualifyingashedgesnetoftax": 500000,
        "othercomprehensiveincomelossnetoftaxportionattributabletoparent": -23000000,
        "comprehensiveincomenetoftaxincludingportionattributabletononcontrollinginterest": 67500000,
        "comprehensiveincomenetoftaxattributabletononcontrollinginterest": 900000,
        "comprehensiveincomenetoftax": 66600000,
        "othercomprehensiveincomedefinedbenefitplansnetunamortizedgainlossarisingduringperiodtax": -100000,
        "othercomprehensiveincomeunrealizedgainlossonderivativesarisingduringperiodtax": -200000
    },
    {
        "date": "2014-06-29",
        "symbol": "HUBB",
        "period": "Q2",
        "salesrevenuenet": 243400000,
        "costofgoodsandservicessold": -200000,
        "grossprofit": 292500000,
        "sellinggeneralandadministrativeexpense": 148800000,
        "operatingincomeloss": 48200000,
        "interestincomeexpensenet": -7000000,
        "othernonoperatingincomeexpense": -300000,
        "totalotherexpensenet": -7300000,
        "incomelossfromcontinuingoperationsbeforeincometaxesminorityinterestandincomelossfromequitymethodinvestments": -600000,
        "incometaxexpensebenefit": -200000,
        "profitloss": 90800000,
        "netincomelossattributabletononcontrollinginterest": 600000,
        "netincomeloss": 90200000,
        "earningspersharebasic": 1.53,
        "earningspersharediluted": 1.51,
        "commonstockdividendspersharedeclared": 0.5,
        "othercomprehensiveincomeforeigncurrencytransactionandtranslationgainlossarisingduringperiodnetoftax": 10000000,
        "othercomprehensiveincomelosspensionandotherpostretirementbenefitplansadjustmentnetoftax": -400000,
        "othercomprehensiveincomelossavailableforsalesecuritiesadjustmentnetoftax": 100000,
        "othercomprehensiveincomelossderivativesqualifyingashedgesnetoftax": -600000,
        "othercomprehensiveincomelossnetoftaxportionattributabletoparent": 9900000,
        "comprehensiveincomenetoftaxincludingportionattributabletononcontrollinginterest": 100700000,
        "comprehensiveincomenetoftaxattributabletononcontrollinginterest": 600000,
        "comprehensiveincomenetoftax": 100100000,
        "othercomprehensiveincomedefinedbenefitplansnetunamortizedgainlossarisingduringperiodtax": 200000,
        "othercomprehensiveincomeunrealizedgainlossonderivativesarisingduringperiodtax": 300000
    },
    {
        "date": "2014-03-30",
        "symbol": "HUBB",
        "period": "Q1",
        "salesrevenuenet": 220700000,
        "costofgoodsandservicessold": -400000,
        "grossprofit": 245000000,
        "sellinggeneralandadministrativeexpense": 140200000,
        "operatingincomeloss": 36700000,
        "interestincomeexpensenet": -7500000,
        "othernonoperatingincomeexpense": -1200000,
        "totalotherexpensenet": -8700000,
        "incomelossfromcontinuingoperationsbeforeincometaxesminorityinterestandincomelossfromequitymethodinvestments": -800000,
        "incometaxexpensebenefit": -300000,
        "profitloss": -200000,
        "netincomelossattributabletononcontrollinginterest": 1100000,
        "netincomeloss": 64200000,
        "earningspersharebasic": 1.08,
        "earningspersharediluted": 1.08,
        "commonstockdividendspersharedeclared": 0.5,
        "othercomprehensiveincomeforeigncurrencytransactionandtranslationgainlossarisingduringperiodnetoftax": 2700000,
        "othercomprehensiveincomelosspensionandotherpostretirementbenefitplansadjustmentnetoftax": -500000,
        "othercomprehensiveincomelossavailableforsalesecuritiesadjustmentnetoftax": -100000,
        "othercomprehensiveincomelossderivativesqualifyingashedgesnetoftax": 200000,
        "othercomprehensiveincomelossnetoftaxportionattributabletoparent": 3300000,
        "comprehensiveincomenetoftaxincludingportionattributabletononcontrollinginterest": 67500000,
        "comprehensiveincomenetoftaxattributabletononcontrollinginterest": 1100000,
        "comprehensiveincomenetoftax": 67500000,
        "othercomprehensiveincomedefinedbenefitplansnetunamortizedgainlossarisingduringperiodtax": 300000,
        "othercomprehensiveincomeunrealizedgainlossonderivativesarisingduringperiodtax": 100000
    },
    {
        "date": "2013-12-30",
        "symbol": "HUBB",
        "period": "Q4",
        "salesrevenuenet": 1987700000,
        "grossprofit": 270900000,
        "sellinggeneralandadministrativeexpense": 144700000,
        "operatingincomeloss": -36300000,
        "othernonoperatingincomeexpense": -2200000,
        "totalotherexpensenet": -9700000,
        "incomelossfromcontinuingoperationsbeforeincometaxesminorityinterestandincomelossfromequitymethodinvestments": -3200000,
        "incometaxexpensebenefit": -1200000,
        "profitloss": -1900000,
        "netincomelossattributabletononcontrollinginterest": 800000,
        "netincomeloss": 82000000,
        "earningspersharebasic": 1.39,
        "earningspersharediluted": 1.38,
        "othercomprehensiveincomeforeigncurrencytransactionandtranslationgainlossarisingduringperiodnetoftax": -3600000,
        "othercomprehensiveincomelosspensionandotherpostretirementbenefitplansadjustmentnetoftax": -56800000,
        "othercomprehensiveincomelossderivativesqualifyingashedgesnetoftax": 200000,
        "comprehensiveincomenetoftaxincludingportionattributabletononcontrollinginterest": 138700000,
        "comprehensiveincomenetoftaxattributabletononcontrollinginterest": 800000,
        "comprehensiveincomenetoftax": 135400000,
        "othercomprehensiveincomedefinedbenefitplansnetunamortizedgainlossarisingduringperiodtax": -42100000
    },
    {
        "date": "2013-09-29",
        "symbol": "HUBB",
        "period": "Q3",
        "salesrevenuenet": 238300000,
        "grossprofit": 291300000,
        "sellinggeneralandadministrativeexpense": 139700000,
        "operatingincomeloss": 47100000,
        "interestincomeexpensenet": -7400000,
        "othernonoperatingincomeexpense": -900000,
        "totalotherexpensenet": -8300000,
        "incomelossfromcontinuingoperationsbeforeincometaxesminorityinterestandincomelossfromequitymethodinvestments": -3000000,
        "incometaxexpensebenefit": -1000000,
        "profitloss": -1900000,
        "netincomelossattributabletononcontrollinginterest": 700000,
        "netincomeloss": 96500000,
        "earningspersharebasic": 1.6300000000000001,
        "earningspersharediluted": 1.6199999999999997,
        "commonstockdividendspersharedeclared": 0.4500000000000001,
        "othercomprehensiveincomeforeigncurrencytransactionandtranslationgainlossarisingduringperiodnetoftax": 10400000,
        "othercomprehensiveincomelosspensionandotherpostretirementbenefitplansadjustmentnetoftax": -2000000,
        "othercomprehensiveincomelossderivativesqualifyingashedgesnetoftax": -400000,
        "othercomprehensiveincomelossnetoftaxportionattributabletoparent": 12000000,
        "comprehensiveincomenetoftaxincludingportionattributabletononcontrollinginterest": 108500000,
        "comprehensiveincomenetoftaxattributabletononcontrollinginterest": 700000,
        "comprehensiveincomenetoftax": 108500000,
        "othercomprehensiveincomedefinedbenefitplansnetunamortizedgainlossarisingduringperiodtax": 1000000
    },
    {
        "date": "2013-06-29",
        "symbol": "HUBB",
        "period": "Q2",
        "salesrevenuenet": 236800000,
        "costofgoodsandservicessold": 0,
        "grossprofit": 272000000,
        "sellinggeneralandadministrativeexpense": 139900000,
        "operatingincomeloss": 43200000,
        "interestincomeexpensenet": -7300000,
        "othernonoperatingincomeexpense": -2000000,
        "totalotherexpensenet": -9300000,
        "incomelossfromcontinuingoperationsbeforeincometaxesminorityinterestandincomelossfromequitymethodinvestments": -3300000,
        "incometaxexpensebenefit": -1200000,
        "profitloss": -2100000,
        "netincomelossattributabletononcontrollinginterest": 900000,
        "netincomeloss": 82100000,
        "earningspersharebasic": 1.3800000000000001,
        "earningspersharediluted": 1.37,
        "commonstockdividendspersharedeclared": 0.45,
        "othercomprehensiveincomeforeigncurrencytransactionandtranslationgainlossarisingduringperiodnetoftax": -13300000,
        "othercomprehensiveincomelosspensionandotherpostretirementbenefitplansadjustmentnetoftax": -2100000,
        "othercomprehensiveincomelossderivativesqualifyingashedgesnetoftax": 100000,
        "othercomprehensiveincomelossnetoftaxportionattributabletoparent": -11400000,
        "comprehensiveincomenetoftaxincludingportionattributabletononcontrollinginterest": 70700000,
        "comprehensiveincomenetoftaxattributabletononcontrollinginterest": 900000,
        "comprehensiveincomenetoftax": 70700000,
        "othercomprehensiveincomedefinedbenefitplansnetunamortizedgainlossarisingduringperiodtax": 1200000,
        "othercomprehensiveincomeunrealizedgainlossonderivativesarisingduringperiodtax": 0
    },
    {
        "date": "2013-03-30",
        "symbol": "HUBB",
        "period": "Q1",
        "salesrevenuenet": 224800000,
        "costofgoodsandservicessold": -100000,
        "grossprofit": 236300000,
        "sellinggeneralandadministrativeexpense": 138600000,
        "operatingincomeloss": 36100000,
        "interestincomeexpensenet": -7300000,
        "othernonoperatingincomeexpense": 800000,
        "totalotherexpensenet": -6500000,
        "incomelossfromcontinuingoperationsbeforeincometaxesminorityinterestandincomelossfromequitymethodinvestments": -3400000,
        "incometaxexpensebenefit": -1200000,
        "profitloss": -2100000,
        "netincomelossattributabletononcontrollinginterest": 900000,
        "netincomeloss": 65900000,
        "earningspersharebasic": 1.11,
        "earningspersharediluted": 1.1,
        "commonstockdividendspersharedeclared": 0.45,
        "othercomprehensiveincomeforeigncurrencytransactionandtranslationgainlossarisingduringperiodnetoftax": -8500000,
        "othercomprehensiveincomelosspensionandotherpostretirementbenefitplansadjustmentnetoftax": -2200000,
        "othercomprehensiveincomelossderivativesqualifyingashedgesnetoftax": 400000,
        "othercomprehensiveincomelossnetoftaxportionattributabletoparent": -5900000,
        "comprehensiveincomenetoftaxincludingportionattributabletononcontrollinginterest": 60000000,
        "comprehensiveincomenetoftaxattributabletononcontrollinginterest": 900000,
        "comprehensiveincomenetoftax": 60000000,
        "othercomprehensiveincomedefinedbenefitplansnetunamortizedgainlossarisingduringperiodtax": 1200000,
        "othercomprehensiveincomeunrealizedgainlossonderivativesarisingduringperiodtax": 200000
    },
    {
        "date": "2012-12-30",
        "symbol": "HUBB",
        "period": "Q4",
        "salesrevenuenet": 1842900000,
        "costofgoodsandservicessold": 502700000,
        "grossprofit": 249800000,
        "sellinggeneralandadministrativeexpense": 139300000,
        "operatingincomeloss": -37600000,
        "othernonoperatingincomeexpense": -900000,
        "totalotherexpensenet": -8400000,
        "incomelossfromcontinuingoperationsbeforeincometaxesminorityinterestandincomelossfromequitymethodinvestments": 102100000,
        "incometaxexpensebenefit": 29200000,
        "profitloss": 70500000,
        "netincomelossattributabletononcontrollinginterest": 1000000,
        "netincomeloss": 71900000,
        "earningspersharebasic": 1.21,
        "earningspersharediluted": 1.2,
        "commonstockdividendspersharedeclared": 0.4499999999999999,
        "othercomprehensiveincomeforeigncurrencytransactionandtranslationgainlossarisingduringperiodnetoftax": -600000,
        "comprehensiveincomenetoftaxincludingportionattributabletononcontrollinginterest": 89600000,
        "comprehensiveincomenetoftaxattributabletononcontrollinginterest": 1000000,
        "comprehensiveincomenetoftax": 87200000,
        "othercomprehensiveincomedefinedbenefitplansnetunamortizedgainlossarisingduringperiodtax": 9700000
    },
    {
        "date": "2012-09-29",
        "symbol": "HUBB",
        "period": "Q3",
        "salesrevenuenet": 237900000,
        "costofgoodsandservicessold": 521200000,
        "grossprofit": 268500000,
        "sellinggeneralandadministrativeexpense": 133400000,
        "operatingincomeloss": 44400000,
        "interestincomeexpensenet": -7200000,
        "othernonoperatingincomeexpense": 1100000,
        "totalotherexpensenet": -6100000,
        "incomelossfromcontinuingoperationsbeforeincometaxesminorityinterestandincomelossfromequitymethodinvestments": 129000000,
        "incometaxexpensebenefit": 41400000,
        "profitloss": 87600000,
        "netincomelossattributabletononcontrollinginterest": 500000,
        "netincomeloss": 87100000,
        "earningspersharebasic": 1.4699999999999998,
        "earningspersharediluted": 1.4599999999999997,
        "commonstockdividendspersharedeclared": 0.4100000000000001,
        "othercomprehensiveincomeforeigncurrencytransactionandtranslationgainlossarisingduringperiodnetoftax": 12500000,
        "othercomprehensiveincomelossnetoftaxportionattributabletoparent": 14800000,
        "comprehensiveincomenetoftaxincludingportionattributabletononcontrollinginterest": 101900000,
        "comprehensiveincomenetoftaxattributabletononcontrollinginterest": 500000,
        "comprehensiveincomenetoftax": 101900000,
        "othercomprehensiveincomedefinedbenefitplansnetunamortizedgainlossarisingduringperiodtax": 1600000
    },
    {
        "date": "2012-06-29",
        "symbol": "HUBB",
        "period": "Q2",
        "earningspersharebasic": 1.31,
        "earningspersharediluted": 1.2899999999999998,
        "salesrevenuenet": 242100000,
        "costofgoodsandservicessold": 518600000,
        "grossprofit": 259800000,
        "sellinggeneralandadministrativeexpense": 135300000,
        "operatingincomeloss": 43300000,
        "interestincomeexpensenet": -7100000,
        "othernonoperatingincomeexpense": -1300000,
        "totalotherexpensenet": -8400000,
        "incomelossfromcontinuingoperationsbeforeincometaxesminorityinterestandincomelossfromequitymethodinvestments": 116100000,
        "incometaxexpensebenefit": 38100000,
        "profitloss": 78000000,
        "netincomelossattributabletononcontrollinginterest": 500000,
        "netincomeloss": 77500000,
        "commonstockdividendspersharedeclared": 0.41,
        "othercomprehensiveincomeforeigncurrencytransactionandtranslationgainlossarisingduringperiodnetoftax": -16100000,
        "othercomprehensiveincomedefinedbenefitplansadjustmentnetoftaxperiodincreasedecrease": 2400000,
        "othercomprehensiveincomeavailableforsalesecuritiesadjustmentnetoftaxperiodincreasedecrease": 0,
        "othercomprehensiveincomederivativesqualifyingashedgesnetoftaxperiodincreasedecrease": 200000,
        "othercomprehensiveincomelossnetoftaxportionattributabletoparent": -13500000,
        "comprehensiveincomenetoftaxincludingportionattributabletononcontrollinginterest": 141500000,
        "comprehensiveincomenetoftaxattributabletononcontrollinginterest": 500000,
        "comprehensiveincomenetoftax": 64000000,
        "othercomprehensiveincomedefinedbenefitplansnetunamortizedgainlossarisingduringperiodtax": 1400000,
        "othercomprehensiveincomeavailableforsalesecuritiestax": 0,
        "othercomprehensiveincomeunrealizedgainlossonderivativesarisingduringperiodtax": 0
    },
    {
        "date": "2012-03-30",
        "symbol": "HUBB",
        "period": "Q1",
        "earningspersharebasic": 1.06,
        "earningspersharediluted": 1.05,
        "salesrevenuenet": 218700000,
        "costofgoodsandservicessold": 489700000,
        "grossprofit": 234100000,
        "sellinggeneralandadministrativeexpense": 132400000,
        "operatingincomeloss": 37900000,
        "interestincomeexpensenet": -7200000,
        "othernonoperatingincomeexpense": 100000,
        "totalotherexpensenet": -7100000,
        "incomelossfromcontinuingoperationsbeforeincometaxesminorityinterestandincomelossfromequitymethodinvestments": 94600000,
        "incometaxexpensebenefit": 31000000,
        "profitloss": 63600000,
        "netincomelossattributabletononcontrollinginterest": 400000,
        "netincomeloss": 63200000,
        "commonstockdividendspersharedeclared": 0.41,
        "othercomprehensiveincomeforeigncurrencytransactionandtranslationgainlossarisingduringperiodnetoftax": 12500000,
        "othercomprehensiveincomedefinedbenefitplansadjustmentnetoftaxperiodincreasedecrease": 2700000,
        "othercomprehensiveincomeavailableforsalesecuritiesadjustmentnetoftaxperiodincreasedecrease": -200000,
        "othercomprehensiveincomederivativesqualifyingashedgesnetoftaxperiodincreasedecrease": -300000,
        "othercomprehensiveincomelossnetoftaxportionattributabletoparent": 14700000,
        "comprehensiveincomenetoftaxincludingportionattributabletononcontrollinginterest": 400000,
        "comprehensiveincomenetoftaxattributabletononcontrollinginterest": 400000,
        "comprehensiveincomenetoftax": 77900000,
        "othercomprehensiveincomedefinedbenefitplansnetunamortizedgainlossarisingduringperiodtax": 1500000,
        "othercomprehensiveincomeavailableforsalesecuritiestax": 100000,
        "othercomprehensiveincomeunrealizedgainlossonderivativesarisingduringperiodtax": 100000
    },
    {
        "date": "2011-09-29",
        "symbol": "HUBB",
        "period": "Q3",
        "earningspersharebasic": 1.38,
        "earningspersharediluted": 1.3599999999999999,
        "salesrevenuenet": -228400000,
        "costofgoodsandservicessold": 512000000,
        "grossprofit": 252300000,
        "sellinggeneralandadministrativeexpense": 127000000,
        "operatingincomeloss": -13800000,
        "interestincomeexpensenet": -7300000,
        "othernonoperatingincomeexpense": 0,
        "totalotherexpensenet": -7300000,
        "incomelossfromcontinuingoperationsbeforeincometaxesminorityinterestandincomelossfromequitymethodinvestments": 118000000,
        "incometaxexpensebenefit": 34700000,
        "profitloss": 83300000,
        "netincomelossattributabletononcontrollinginterest": 900000,
        "netincomeloss": 82400000,
        "commonstockdividendspersharedeclared": 0.3799999999999999
    },
    {
        "date": "2011-06-29",
        "symbol": "HUBB",
        "period": "Q2",
        "earningspersharebasic": 1.08,
        "earningspersharediluted": 1.07,
        "salesrevenuenet": 211300000,
        "costofgoodsandservicessold": 479300000,
        "grossprofit": 229900000,
        "sellinggeneralandadministrativeexpense": 124800000,
        "operatingincomeloss": 35900000,
        "interestincomeexpensenet": -7500000,
        "othernonoperatingincomeexpense": -1700000,
        "totalotherexpensenet": -9200000,
        "incomelossfromcontinuingoperationsbeforeincometaxesminorityinterestandincomelossfromequitymethodinvestments": 95900000,
        "incometaxexpensebenefit": 30200000,
        "profitloss": 65700000,
        "netincomelossattributabletononcontrollinginterest": 500000,
        "netincomeloss": 65200000,
        "commonstockdividendspersharedeclared": 0.38
    },
    {
        "date": "2011-03-30",
        "symbol": "HUBB",
        "period": "Q1",
        "salesrevenuenet": 658100000,
        "costofgoodsandservicessold": 452900000,
        "grossprofit": 205200000,
        "sellinggeneralandadministrativeexpense": 121600000,
        "operatingincomeloss": 83600000,
        "interestincomeexpensenet": -7500000,
        "othernonoperatingincomeexpense": -2100000,
        "totalotherexpensenet": -9600000,
        "incomelossfromcontinuingoperationsbeforeincometaxesminorityinterestandincomelossfromequitymethodinvestments": 74000000,
        "incometaxexpensebenefit": 23300000,
        "profitloss": 50700000,
        "netincomelossattributabletononcontrollinginterest": 400000,
        "netincomeloss": 50300000,
        "earningspersharebasic": 0.83,
        "earningspersharediluted": 0.82,
        "commonstockdividendspersharedeclared": 0.38
    },
    {
        "date": "2010-09-29",
        "symbol": "HUBB",
        "period": "Q3",
        "salesrevenuenet": 685000000,
        "costofgoodsandservicessold": 449800000,
        "grossprofit": 235200000,
        "sellinggeneralandadministrativeexpense": 117600000,
        "operatingincomeloss": 117600000,
        "interestincomeexpensenet": -7800000,
        "othernonoperatingincomeexpense": -600000,
        "totalotherexpensenet": -8400000,
        "incomelossfromcontinuingoperationsbeforeincometaxesminorityinterestandincomelossfromequitymethodinvestments": 109200000,
        "incometaxexpensebenefit": 37500000,
        "profitloss": 71700000,
        "netincomelossattributabletononcontrollinginterest": 400000,
        "netincomeloss": 71300000,
        "earningspersharebasic": 1.19,
        "earningspersharediluted": 1.18,
        "commonstockdividendspersharedeclared": 0.36
    },
    {
        "date": "2010-06-29",
        "symbol": "HUBB",
        "period": "Q2",
        "salesrevenuenet": 646400000,
        "costofgoodsandservicessold": 435400000,
        "grossprofit": 211000000,
        "sellinggeneralandadministrativeexpense": 117500000,
        "operatingincomeloss": 93500000,
        "interestincomeexpensenet": -7500000,
        "othernonoperatingincomeexpense": -500000,
        "totalotherexpensenet": -8000000,
        "incomelossfromcontinuingoperationsbeforeincometaxesminorityinterestandincomelossfromequitymethodinvestments": 85500000,
        "incometaxexpensebenefit": 27600000,
        "profitloss": 57900000,
        "netincomelossattributabletononcontrollinginterest": 300000,
        "netincomeloss": 57600000,
        "earningspersharebasic": 0.96,
        "earningspersharediluted": 0.95,
        "commonstockdividendspersharedeclared": 0.36
    }
]