[
    {
        "date": "2024-09-29",
        "symbol": "FWONK",
        "period": "Q3",
        "revenuefromcontractwithcustomerexcludingassessedtax": 911000000,
        "costofgoodsandserviceexcludingdepreciationdepletionandamortization": 41000000,
        "operatingcostsandexpensesnet": 2000000,
        "sellinggeneralandadministrativeexpense": 116000000,
        "impairmentandacquisitioncosts": 3000000,
        "depreciationandamortization": 88000000,
        "costsandexpenses": 804000000,
        "operatingincomeloss": 107000000,
        "interestexpensenonoperating": 62000000,
        "investmentsshareofearningslossesofaffiliatesnet": 116000000,
        "gainlossoninvestments": -55000000,
        "othernonoperatingincomeexpense": 29000000,
        "nonoperatingincomeexpense": 28000000,
        "incomelossfromcontinuingoperationsbeforeincometaxesextraordinaryitemsnoncontrollinginterest": 135000000,
        "incometaxexpensebenefit": 3000000,
        "incomelossfromcontinuingoperationsincludingportionattributabletononcontrollinginterest": 132000000,
        "incomelossfromdiscontinuedoperationsnetoftax": -3002000000,
        "profitloss": -2870000000,
        "incomelossattributabletononcontrollingentity": -502000000,
        "netincomeloss": -2368000000,
        "incomelossfromcontinuingoperations": 15000000,
        "incomelossfromdiscontinuedoperationsnetoftaxattributabletoreportingentity": -2500000000,
        "incomelossfromcontinuingoperationsperbasicshare": 0.16,
        "incomelossfromdiscontinuedoperationsnetoftaxperbasicshare": -7.65,
        "incomelossfromcontinuingoperationsperdilutedshare": 0.16,
        "incomelossfromdiscontinuedoperationsnetoftaxperdilutedshare": -7.65,
        "othercomprehensiveincomelossforeigncurrencytransactionandtranslationadjustmentnetoftax": 8000000,
        "othercomprehensiveincomelosscreditriskonfairvaluedebtinstrumentsgainlossnetoftax": -45000000,
        "shareofothercomprehensiveearningslossofequityaffiliates": -13000000,
        "othercomprehensiveincomelosscontinuingoperationsnetoftax": -50000000,
        "othercomprehensiveincomelossdiscontinuedoperationsnetoftax": -11000000,
        "comprehensiveincomenetoftaxincludingportionattributabletononcontrollinginterest": -2931000000,
        "comprehensiveincomenetoftaxattributabletononcontrollinginterest": -502000000,
        "comprehensiveincomenetoftax": -2429000000,
        "comprehensiveincomelosscontinuingoperationsnetoftaxattributabletoparent": -39000000,
        "comprehensiveincomelossdiscontinuedoperationsnetoftaxattributabletoparent": -2511000000
    },
    {
        "date": "2024-03-30",
        "symbol": "FWONK",
        "period": "Q1",
        "revenuefromcontractwithcustomerexcludingassessedtax": 2162000000,
        "costofgoodsandserviceexcludingdepreciationdepletionandamortization": 703000000,
        "subscriberacquisitioncosts": 90000000,
        "operatingcostsandexpensesnet": 87000000,
        "sellinggeneralandadministrativeexpense": 465000000,
        "restructuringsettlementandimpairmentprovisions": 22000000,
        "depreciationandamortization": 241000000,
        "costsandexpenses": 2247000000,
        "operatingincomeloss": 502000000,
        "interestexpense": 191000000,
        "investmentsshareofearningslossesofaffiliatesnet": -19000000,
        "gainlossoninvestments": -3000000,
        "othernonoperatingincomeexpense": 27000000,
        "nonoperatingincomeexpense": -186000000,
        "incomelossfromcontinuingoperationsbeforeincometaxesextraordinaryitemsnoncontrollinginterest": 316000000,
        "incometaxexpensebenefit": 71000000,
        "profitloss": 245000000,
        "netincomelossattributabletononredeemablenoncontrollinginterest": 42000000,
        "netincomeloss": 203000000,
        "earningspersharebasic": 0.61,
        "earningspersharediluted": 0.52,
        "othercomprehensiveincomelossforeigncurrencytransactionandtranslationadjustmentnetoftax": -12000000,
        "othercomprehensiveincomelosscreditriskonfairvaluedebtinstrumentsgainlossnetoftax": -60000000,
        "shareofothercomprehensiveearningslossofequityaffiliates": 2000000,
        "comprehensiveincomenetoftaxincludingportionattributabletononcontrollinginterest": 175000000,
        "comprehensiveincomelossattributabletononredeemablenoncontrollinginterest": 42000000,
        "comprehensiveincomenetoftax": 133000000
    },
    {
        "date": "2021-09-29",
        "symbol": "FWONK",
        "period": "Q3",
        "revenuefromcontractwithcustomerexcludingassessedtax": 2198000000,
        "costofgoodsandserviceexcludingdepreciationdepletionandamortization": 671000000,
        "subscriberacquisitioncosts": 70000000,
        "operatingcostsandexpensesnet": 221000000,
        "sellinggeneralandadministrativeexpense": 481000000,
        "restructuringsettlementandimpairmentprovisions": -95000000,
        "depreciationandamortization": 274000000,
        "costsandexpenses": 2398000000,
        "operatingincomeloss": 702000000,
        "interestexpense": 168000000,
        "gainlossoninvestments": -40000000,
        "othernonoperatingincomeexpense": -82000000,
        "nonoperatingincomeexpense": -129000000,
        "incomelossfromcontinuingoperationsbeforeincometaxesextraordinaryitemsnoncontrollinginterest": 573000000,
        "incometaxexpensebenefit": 173000000,
        "profitloss": 400000000,
        "netincomelossattributabletononcontrollinginterest": 74000000,
        "netincomeloss": 328000000,
        "earningspersharebasic": 1.02,
        "earningspersharediluted": 1.02,
        "othercomprehensiveincomelossforeigncurrencytransactionandtranslationadjustmentnetoftax": -16000000,
        "othercomprehensiveincomelosscreditriskonfairvaluedebtinstrumentsgainlossnetoftax": -35000000,
        "shareofothercomprehensiveearningslossofequityaffiliates": -2000000,
        "comprehensiveincomenetoftaxincludingportionattributabletononcontrollinginterest": 347000000,
        "comprehensiveincomelossattributabletononredeemablenoncontrollinginterest": 72000000,
        "comprehensiveincomenetoftax": 277000000
    },
    {
        "date": "2021-06-29",
        "symbol": "FWONK",
        "period": "Q2",
        "revenuefromcontractwithcustomerexcludingassessedtax": 2159000000,
        "costofgoodsandserviceexcludingdepreciationdepletionandamortization": 663000000,
        "subscriberacquisitioncosts": 89000000,
        "operatingcostsandexpensesnet": 208000000,
        "sellinggeneralandadministrativeexpense": 445000000,
        "restructuringsettlementandimpairmentprovisions": -137000000,
        "depreciationandamortization": 268000000,
        "costsandexpenses": 2254000000,
        "operatingincomeloss": 622000000,
        "interestexpense": 158000000,
        "incomelossfromequitymethodinvestments": -48000000,
        "gainlossoninvestments": 155000000,
        "othernonoperatingincomeexpense": 13000000,
        "nonoperatingincomeexpense": -38000000,
        "incomelossfromcontinuingoperationsbeforeincometaxesextraordinaryitemsnoncontrollinginterest": 584000000,
        "incometaxexpensebenefit": 56000000,
        "profitloss": 528000000,
        "netincomelossattributabletononcontrollinginterest": 111000000,
        "netincomelossattributabletoredeemablenoncontrollinginterest": 0,
        "netincomeloss": 417000000,
        "earningspersharebasic": 1,
        "earningspersharediluted": 0.99,
        "othercomprehensiveincomelossforeigncurrencytransactionandtranslationadjustmentnetoftax": 10000000,
        "othercomprehensiveincomelosscreditriskonfairvaluedebtinstrumentsgainlossnetoftax": -5000000,
        "othercomprehensiveincomeunrealizedholdinggainlossonsecuritiesarisingduringperiodnetoftax": 0,
        "shareofothercomprehensiveearningslossofequityaffiliates": 2000000,
        "comprehensiveincomenetoftaxincludingportionattributabletononcontrollinginterest": 534000000,
        "comprehensiveincomelossattributabletononredeemablenoncontrollinginterest": 113000000,
        "comprehensiveincomelossattributabletoredeemablenoncontrollinginterest": 0,
        "comprehensiveincomenetoftax": 421000000
    },
    {
        "date": "2021-03-30",
        "symbol": "FWONK",
        "period": "Q1",
        "revenuefromcontractwithcustomerexcludingassessedtax": 2058000000,
        "costofgoodsandserviceexcludingdepreciationdepletionandamortization": 640000000,
        "subscriberacquisitioncosts": 86000000,
        "operatingcostsandexpensesnet": 84000000,
        "sellinggeneralandadministrativeexpense": 410000000,
        "restructuringsettlementandimpairmentprovisions": 245000000,
        "depreciationandamortization": 264000000,
        "costsandexpenses": 2112000000,
        "operatingincomeloss": 142000000,
        "interestexpense": 158000000,
        "incomelossfromequitymethodinvestments": -95000000,
        "gainlossoninvestments": -49000000,
        "othernonoperatingincomeexpense": 15000000,
        "nonoperatingincomeexpense": -287000000,
        "incomelossfromcontinuingoperationsbeforeincometaxesextraordinaryitemsnoncontrollinginterest": -145000000,
        "incometaxexpensebenefit": -131000000,
        "profitloss": -14000000,
        "netincomelossattributabletononcontrollinginterest": 49000000,
        "netincomelossattributabletoredeemablenoncontrollinginterest": 53000000,
        "netincomeloss": -116000000,
        "earningspersharebasic": -0.03,
        "earningspersharediluted": -0.03,
        "othercomprehensiveincomelossforeigncurrencytransactionandtranslationadjustmentnetoftax": 4000000,
        "othercomprehensiveincomelosscreditriskonfairvaluedebtinstrumentsgainlossnetoftax": -48000000,
        "othercomprehensiveincomeunrealizedholdinggainlossonsecuritiesarisingduringperiodnetoftax": -1000000,
        "shareofothercomprehensiveearningslossofequityaffiliates": 1000000,
        "comprehensiveincomenetoftaxincludingportionattributabletononcontrollinginterest": -58000000,
        "comprehensiveincomelossattributabletononredeemablenoncontrollinginterest": 50000000,
        "comprehensiveincomelossattributabletoredeemablenoncontrollinginterest": 53000000,
        "comprehensiveincomenetoftax": -161000000
    },
    {
        "date": "2020-09-29",
        "symbol": "FWONK",
        "period": "Q3",
        "revenuefromcontractwithcustomerexcludingassessedtax": 2025000000,
        "costofgoodsandserviceexcludingdepreciationdepletionandamortization": 602000000,
        "subscriberacquisitioncosts": 110000000,
        "operatingcostsandexpensesnet": 154000000,
        "sellinggeneralandadministrativeexpense": 423000000,
        "depreciationandamortization": 279000000,
        "costsandexpenses": 2412000000,
        "operatingincomeloss": 320000000,
        "interestexpense": 153000000,
        "incomelossfromequitymethodinvestments": -187000000,
        "gainlossoninvestments": 16000000,
        "othernonoperatingincomeexpense": -32000000,
        "nonoperatingincomeexpense": -356000000,
        "incomelossfromcontinuingoperationsbeforeincometaxesextraordinaryitemsnoncontrollinginterest": -36000000,
        "incometaxexpensebenefit": 7000000,
        "profitloss": -43000000,
        "netincomelossattributabletononcontrollinginterest": 71000000,
        "netincomeloss": -114000000,
        "earningspersharebasic": 0.029999999999999916,
        "earningspersharediluted": 0.029999999999999916,
        "othercomprehensiveincomelossforeigncurrencytransactionandtranslationadjustmentnetoftax": 12000000,
        "othercomprehensiveincomelosscreditriskonfairvaluedebtinstrumentsgainlossnetoftax": -151000000,
        "shareofothercomprehensiveearningslossofequityaffiliates": 6000000,
        "comprehensiveincomenetoftaxincludingportionattributabletononcontrollinginterest": -177000000,
        "comprehensiveincomenetoftaxattributabletononcontrollinginterest": 74000000,
        "comprehensiveincomenetoftax": -251000000
    },
    {
        "date": "2020-06-29",
        "symbol": "FWONK",
        "period": "Q2",
        "revenuefromcontractwithcustomerexcludingassessedtax": 1874000000,
        "costofgoodsandserviceexcludingdepreciationdepletionandamortization": 587000000,
        "subscriberacquisitioncosts": 48000000,
        "operatingcostsandexpensesnet": 85000000,
        "sellinggeneralandadministrativeexpense": 390000000,
        "depreciationandamortization": 266000000,
        "costsandexpenses": 1695000000,
        "operatingincomeloss": 214000000,
        "interestexpense": 163000000,
        "incomelossfromequitymethodinvestments": -193000000,
        "gainlossoninvestments": -180000000,
        "othernonoperatingincomeexpense": 14000000,
        "nonoperatingincomeexpense": -522000000,
        "incomelossfromcontinuingoperationsbeforeincometaxesextraordinaryitemsnoncontrollinginterest": -308000000,
        "incometaxexpensebenefit": -46000000,
        "profitloss": -262000000,
        "netincomelossattributabletononcontrollinginterest": 64000000,
        "netincomeloss": -326000000,
        "earningspersharebasic": -0.29000000000000004,
        "earningspersharediluted": -0.2899999999999999,
        "othercomprehensiveincomelossforeigncurrencytransactionandtranslationadjustmentnetoftax": 15000000,
        "othercomprehensiveincomelosscreditriskonfairvaluedebtinstrumentsgainlossnetoftax": 21000000,
        "othercomprehensiveincomeunrealizedholdinggainlossonsecuritiesarisingduringperiodnetoftax": 0,
        "shareofothercomprehensiveearningslossofequityaffiliates": 4000000,
        "comprehensiveincomenetoftaxincludingportionattributabletononcontrollinginterest": -222000000,
        "comprehensiveincomenetoftaxattributabletononcontrollinginterest": 68000000,
        "comprehensiveincomenetoftax": -290000000
    },
    {
        "date": "2020-03-30",
        "symbol": "FWONK",
        "period": "Q1",
        "revenuefromcontractwithcustomerexcludingassessedtax": 1952000000,
        "costofgoodsandserviceexcludingdepreciationdepletionandamortization": 570000000,
        "subscriberacquisitioncosts": 99000000,
        "operatingcostsandexpensesnet": 100000000,
        "sellinggeneralandadministrativeexpense": 408000000,
        "depreciationandamortization": 267000000,
        "costsandexpenses": 1767000000,
        "operatingincomeloss": 246000000,
        "interestexpense": 164000000,
        "incomelossfromequitymethodinvestments": -62000000,
        "gainlossoninvestments": 1000000,
        "othernonoperatingincomeexpense": 17000000,
        "nonoperatingincomeexpense": -208000000,
        "incomelossfromcontinuingoperationsbeforeincometaxesextraordinaryitemsnoncontrollinginterest": 38000000,
        "incometaxexpensebenefit": 36000000,
        "profitloss": 2000000,
        "netincomelossattributabletononcontrollinginterest": 78000000,
        "netincomeloss": -76000000,
        "earningspersharebasic": 0.68,
        "earningspersharediluted": 0.57,
        "othercomprehensiveincomelossforeigncurrencytransactionandtranslationadjustmentnetoftax": -37000000,
        "othercomprehensiveincomelosscreditriskonfairvaluedebtinstrumentsgainlossnetoftax": 216000000,
        "othercomprehensiveincomeunrealizedholdinggainlossonsecuritiesarisingduringperiodnetoftax": -6000000,
        "shareofothercomprehensiveearningslossofequityaffiliates": -30000000,
        "comprehensiveincomenetoftaxincludingportionattributabletononcontrollinginterest": 145000000,
        "comprehensiveincomenetoftaxattributabletononcontrollinginterest": 68000000,
        "comprehensiveincomenetoftax": 77000000
    },
    {
        "date": "2019-09-29",
        "symbol": "FWONK",
        "period": "Q3",
        "revenuefromcontractwithcustomerexcludingassessedtax": 2297000000,
        "subscriberacquisitioncosts": 101000000,
        "operatingcostsandexpenses": 254000000,
        "sellinggeneralandadministrativeexpense": 513000000,
        "businesscombinationacquisitionrelatedcosts": 0,
        "depreciationandamortization": 394000000,
        "costsandexpenses": 2724000000,
        "operatingincomeloss": 400000000,
        "interestexpense": 226000000,
        "incomelossfromequitymethodinvestments": 32000000,
        "othernonoperatingincomeexpense": -42000000,
        "nonoperatingincomeexpense": -314000000,
        "incomelossfromcontinuingoperationsbeforeincometaxesextraordinaryitemsnoncontrollinginterest": 86000000,
        "incometaxexpensebenefit": 43000000,
        "profitloss": 293000000,
        "netincomelossattributabletononcontrollinginterest": 69000000,
        "netincomeloss": -26000000,
        "earningspersharebasic": 0.4399999999999999,
        "earningspersharediluted": 0.4299999999999999,
        "othercomprehensiveincomelossforeigncurrencytransactionandtranslationadjustmentnetoftax": -8000000,
        "othercomprehensiveincomelosscreditriskonfairvaluedebtinstrumentsgainlossnetoftax": -23000000,
        "othercomprehensiveincomeunrealizedholdinggainlossonsecuritiesarisingduringperiodnetoftax": 1000000,
        "comprehensiveincomenetoftaxincludingportionattributabletononcontrollinginterest": 224000000,
        "comprehensiveincomenetoftaxattributabletononcontrollinginterest": 67000000,
        "comprehensiveincomenetoftax": -73000000
    },
    {
        "date": "2019-06-29",
        "symbol": "FWONK",
        "period": "Q2",
        "revenuefromcontractwithcustomerexcludingassessedtax": 1977000000,
        "costofgoodsandserviceexcludingdepreciationdepletionandamortization": 600000000,
        "subscriberacquisitioncosts": 104000000,
        "operatingcostsandexpenses": 203000000,
        "sellinggeneralandadministrativeexpense": 436000000,
        "businesscombinationacquisitionrelatedcosts": 7000000,
        "depreciationandamortization": 271000000,
        "costsandexpenses": 2344000000,
        "operatingincomeloss": 461000000,
        "interestexpense": 167000000,
        "incomelossfromequitymethodinvestments": 34000000,
        "gainlossoninvestments": -87000000,
        "othernonoperatingincomeexpense": 21000000,
        "nonoperatingincomeexpense": -199000000,
        "incomelossfromcontinuingoperationsbeforeincometaxesextraordinaryitemsnoncontrollinginterest": 262000000,
        "incometaxexpensebenefit": 70000000,
        "profitloss": 192000000,
        "netincomelossattributabletononcontrollinginterest": 76000000,
        "netincomeloss": 116000000,
        "earningspersharebasic": 0.52,
        "earningspersharediluted": 0.52,
        "othercomprehensiveincomelossforeigncurrencytransactionandtranslationadjustmentnetoftax": 10000000,
        "othercomprehensiveincomelosscreditriskonfairvaluedebtinstrumentsgainlossnetoftax": 10000000,
        "othercomprehensiveincomeunrealizedholdinggainlossonsecuritiesarisingduringperiodnetoftax": 1000000,
        "comprehensiveincomenetoftaxincludingportionattributabletononcontrollinginterest": 213000000,
        "comprehensiveincomenetoftaxattributabletononcontrollinginterest": 79000000,
        "comprehensiveincomenetoftax": 134000000
    },
    {
        "date": "2019-03-30",
        "symbol": "FWONK",
        "period": "Q1",
        "revenuefromcontractwithcustomerexcludingassessedtax": 1458000000,
        "costofgoodssoldexcludingdepreciationdepletionandamortization": 492000000,
        "subscriberacquisitioncosts": 108000000,
        "operatingcostsandexpenses": 54000000,
        "sellinggeneralandadministrativeexpense": 326000000,
        "businesscombinationacquisitionrelatedcosts": 76000000,
        "depreciationandamortization": 125000000,
        "costsandexpenses": 1437000000,
        "operatingincomeloss": 307000000,
        "interestexpense": 102000000,
        "incomelossfromequitymethodinvestments": 3000000,
        "financialinstrumentsnetgainloss": -18000000,
        "othernonoperatingincomeexpense": 3000000,
        "nonoperatingincomeexpense": -102000000,
        "incomelossfromcontinuingoperationsbeforeincometaxesextraordinaryitemsnoncontrollinginterest": 205000000,
        "incometaxexpensebenefit": 113000000,
        "profitloss": -158000000,
        "netincomelossattributabletononcontrollinginterest": 31000000,
        "netincomeloss": 61000000,
        "earningspersharebasic": 0.19,
        "earningspersharediluted": 0.19,
        "othercomprehensiveincomelossforeigncurrencytransactionandtranslationadjustmentnetoftax": 9000000,
        "othercomprehensiveincomelosscreditriskonfairvaluedebtinstrumentsgainlossnetoftax": -13000000,
        "othercomprehensiveincomeunrealizedholdinggainlossonsecuritiesarisingduringperiodnetoftax": 2000000,
        "comprehensiveincomenetoftaxincludingportionattributabletononcontrollinginterest": -129000000,
        "comprehensiveincomenetoftaxattributabletononcontrollinginterest": 34000000,
        "comprehensiveincomenetoftax": 67000000
    },
    {
        "date": "2018-09-29",
        "symbol": "FWONK",
        "period": "Q3",
        "revenues": 1163000000,
        "costofgoodssoldexcludingdepreciationdepletionandamortization": 23000000,
        "subscriberacquisitioncosts": 1000000,
        "operatingcostsandexpenses": 31000000,
        "sellinggeneralandadministrativeexpense": 0,
        "depreciationandamortization": 93000000,
        "costsandexpenses": 1013000000,
        "operatingincomeloss": 455000000,
        "interestexpense": 95000000,
        "incomelossfromequitymethodinvestments": -4000000,
        "gainlossoninvestments": 9000000,
        "othernonoperatingincomeexpense": 6000000,
        "nonoperatingincomeexpense": -142000000,
        "incomelossfromcontinuingoperationsbeforeincometaxesextraordinaryitemsnoncontrollinginterest": 313000000,
        "incometaxexpensebenefit": 30000000,
        "netincomelossattributabletononcontrollinginterest": 98000000,
        "netincomeloss": 185000000,
        "earningspersharebasic": 0.5599999999999997,
        "earningspersharediluted": 0.5499999999999997,
        "othercomprehensiveincomelossforeigncurrencytransactionandtranslationadjustmentnetoftax": -13000000,
        "othercomprehensiveincomelosscreditriskonfairvaluedebtinstrumentsgainlossnetoftax": -10000000,
        "othercomprehensiveincomeunrealizedholdinggainlossonsecuritiesarisingduringperiodnetoftax": 0,
        "shareofothercomprehensiveearningslossofequityaffiliates": 20000000,
        "comprehensiveincomenetoftaxincludingportionattributabletononcontrollinginterest": 363000000,
        "comprehensiveincomenetoftaxattributabletononcontrollinginterest": 101000000,
        "comprehensiveincomenetoftax": 189000000
    },
    {
        "date": "2018-06-29",
        "symbol": "FWONK",
        "period": "Q2",
        "revenues": 1139000000,
        "costofgoodssoldexcludingdepreciationdepletionandamortization": 22000000,
        "subscriberacquisitioncosts": 1000000,
        "operatingcostsandexpenses": 27000000,
        "sellinggeneralandadministrativeexpense": -203000000,
        "depreciationandamortization": 92000000,
        "costsandexpenses": 1099000000,
        "operatingincomeloss": 333000000,
        "interestexpense": 99000000,
        "incomelossfromequitymethodinvestments": 4000000,
        "gainlossoninvestments": 10000000,
        "othernonoperatingincomeexpense": 12000000,
        "nonoperatingincomeexpense": -26000000,
        "incomelossfromcontinuingoperationsbeforeincometaxesextraordinaryitemsnoncontrollinginterest": 307000000,
        "incometaxexpensebenefit": 59000000,
        "profitloss": 0,
        "netincomelossattributabletononcontrollinginterest": 83000000,
        "netincomeloss": 165000000,
        "earningspersharebasic": 0.4900000000000001,
        "earningspersharediluted": 0.4900000000000001,
        "othercomprehensiveincomelossforeigncurrencytransactionandtranslationadjustmentnetoftax": -2000000,
        "othercomprehensiveincomelosscreditriskonfairvaluedebtinstrumentsgainlossnetoftax": -12000000,
        "othercomprehensiveincomeunrealizedholdinggainlossonsecuritiesarisingduringperiodnetoftax": -1000000,
        "shareofothercomprehensiveearningslossofequityaffiliates": -18000000,
        "othercomprehensiveincomelossnetoftax": -3000000,
        "comprehensiveincomenetoftaxincludingportionattributabletononcontrollinginterest": 222000000,
        "comprehensiveincomenetoftaxattributabletononcontrollinginterest": 80000000,
        "comprehensiveincomenetoftax": 157000000
    },
    {
        "date": "2018-03-30",
        "symbol": "FWONK",
        "period": "Q1",
        "revenues": 1117000000,
        "costofgoodssoldexcludingdepreciationdepletionandamortization": 22000000,
        "subscriberacquisitioncosts": 1000000,
        "operatingcostsandexpenses": 31000000,
        "sellinggeneralandadministrativeexpense": 202000000,
        "depreciationandamortization": 89000000,
        "costsandexpenses": 979000000,
        "operatingincomeloss": 396000000,
        "interestexpense": 97000000,
        "incomelossfromequitymethodinvestments": 1000000,
        "gainlossoninvestments": 29000000,
        "othernonoperatingincomeexpense": 5000000,
        "nonoperatingincomeexpense": -33000000,
        "incomelossfromcontinuingoperationsbeforeincometaxesextraordinaryitemsnoncontrollinginterest": 363000000,
        "incometaxexpensebenefit": 81000000,
        "profitloss": -5000000,
        "netincomelossattributabletononcontrollinginterest": 82000000,
        "netincomeloss": 200000000,
        "earningspersharebasic": 0.6,
        "earningspersharediluted": 0.59,
        "othercomprehensiveincomelossforeigncurrencytransactionandtranslationadjustmentnetoftax": 4000000,
        "othercomprehensiveincomelosscreditriskonfairvaluedebtinstrumentsgainlossnetoftax": -2000000,
        "othercomprehensiveincomeunrealizedholdinggainlossonsecuritiesarisingduringperiodnetoftax": -2000000,
        "shareofothercomprehensiveearningslossofequityaffiliates": -9000000,
        "othercomprehensiveincomelossnetoftax": -3000000,
        "comprehensiveincomenetoftaxincludingportionattributabletononcontrollinginterest": 204000000,
        "comprehensiveincomenetoftaxattributabletononcontrollinginterest": 79000000,
        "comprehensiveincomenetoftax": 198000000
    },
    {
        "date": "2017-09-29",
        "symbol": "FWONK",
        "period": "Q3",
        "salesrevenueservicesnet": 1136000000,
        "formula1revenue": 501000000,
        "othersalesrevenuenet": 243000000,
        "salesrevenuenet": 1379000000,
        "revenueshareandroyalties": 297000000,
        "programmingandcontent": 98000000,
        "customerserviceandbilling": 95000000,
        "othercostsofsubscriberservices": 29000000,
        "costofrevenue": 354000000,
        "subscriberacquisitioncosts": 119000000,
        "operatingcostsandexpenses": 30000000,
        "sellinggeneralandadministrativeexpense": 210000000,
        "depreciationandamortization": 93000000,
        "costsandexpenses": 971000000,
        "operatingincomeloss": 408000000,
        "interestexpense": 95000000,
        "incomelossfromequitymethodinvestments": 30000000,
        "unrealizedgainlossonsecurities": 73000000,
        "othernonoperatingincomeexpense": -19000000,
        "nonoperatingincomeexpense": -18000000,
        "incomelossfromcontinuingoperationsbeforeincometaxesextraordinaryitemsnoncontrollinginterest": 390000000,
        "incometaxexpensebenefit": 116000000,
        "profitloss": 168000000,
        "netincomelossattributabletononcontrollinginterest": 91000000,
        "netincomeloss": 183000000,
        "earningspersharebasic": 0.54,
        "earningspersharediluted": 0.53,
        "othercomprehensiveincomeunrealizedholdinggainlossonsecuritiesarisingduringperiodnetoftax": 0,
        "shareofothercomprehensiveearningslossofequityaffiliates": 3000000,
        "comprehensiveincomenetoftaxincludingportionattributabletononcontrollinginterest": 286000000,
        "comprehensiveincomenetoftaxattributabletononcontrollinginterest": 100000000,
        "comprehensiveincomenetoftax": 197000000
    },
    {
        "date": "2017-06-29",
        "symbol": "FWONK",
        "period": "Q2",
        "salesrevenueservicesnet": 1111000000,
        "formula1revenue": 616000000,
        "othersalesrevenuenet": 237000000,
        "salesrevenuenet": 1348000000,
        "revenueshareandroyalties": 293000000,
        "programmingandcontent": 96000000,
        "customerserviceandbilling": 95000000,
        "othercostsofsubscriberservices": 30000000,
        "costofrevenue": 414000000,
        "subscriberacquisitioncosts": 126000000,
        "operatingcostsandexpenses": 27000000,
        "sellinggeneralandadministrativeexpense": 202000000,
        "depreciationandamortization": 87000000,
        "costsandexpenses": 956000000,
        "operatingincomeloss": 392000000,
        "interestexpense": 85000000,
        "incomelossfromequitymethodinvestments": -3000000,
        "unrealizedgainlossonsecurities": -7000000,
        "othernonoperatingincomeexpense": -7000000,
        "nonoperatingincomeexpense": -97000000,
        "incomelossfromcontinuingoperationsbeforeincometaxesextraordinaryitemsnoncontrollinginterest": 295000000,
        "incometaxexpensebenefit": 110000000,
        "profitloss": 94000000,
        "netincomelossattributabletononcontrollinginterest": 62000000,
        "netincomeloss": 123000000,
        "earningspersharebasic": 0.37,
        "earningspersharediluted": 0.36,
        "othercomprehensiveincomeunrealizedholdinggainlossonsecuritiesarisingduringperiodnetoftax": -1000000,
        "shareofothercomprehensiveearningslossofequityaffiliates": 7000000,
        "comprehensiveincomenetoftaxincludingportionattributabletononcontrollinginterest": 168000000,
        "comprehensiveincomenetoftaxattributabletononcontrollinginterest": 64000000,
        "comprehensiveincomenetoftax": 129000000
    },
    {
        "date": "2017-03-30",
        "symbol": "FWONK",
        "period": "Q1",
        "salesrevenueservicesnet": 1078000000,
        "formula1revenue": 96000000,
        "othersalesrevenuenet": 216000000,
        "salesrevenuenet": 1294000000,
        "revenueshareandroyalties": 277000000,
        "programmingandcontent": 96000000,
        "customerserviceandbilling": 97000000,
        "othercostsofsubscriberservices": 27000000,
        "costofrevenue": 68000000,
        "subscriberacquisitioncosts": 127000000,
        "operatingcostsandexpenses": 24000000,
        "sellinggeneralandadministrativeexpense": 184000000,
        "depreciationandamortization": 90000000,
        "costsandexpenses": 922000000,
        "operatingincomeloss": 372000000,
        "interestexpense": 84000000,
        "incomelossfromequitymethodinvestments": 5000000,
        "unrealizedgainlossonsecurities": -4000000,
        "othernonoperatingincomeexpense": 6000000,
        "nonoperatingincomeexpense": -75000000,
        "incomelossfromcontinuingoperationsbeforeincometaxesextraordinaryitemsnoncontrollinginterest": 297000000,
        "incometaxexpensebenefit": 108000000,
        "profitloss": -21000000,
        "netincomelossattributabletononcontrollinginterest": 65000000,
        "netincomeloss": 124000000,
        "earningspersharebasic": 0.37,
        "earningspersharediluted": 0.37,
        "othercomprehensiveincomeunrealizedholdinggainlossonsecuritiesarisingduringperiodnetoftax": -2000000,
        "shareofothercomprehensiveearningslossofequityaffiliates": 2000000,
        "comprehensiveincomenetoftaxincludingportionattributabletononcontrollinginterest": 44000000,
        "comprehensiveincomenetoftaxattributabletononcontrollinginterest": 65000000,
        "comprehensiveincomenetoftax": 124000000
    },
    {
        "date": "2016-09-29",
        "symbol": "FWONK",
        "period": "Q3",
        "salesrevenueservicesnet": 1069000000,
        "othersalesrevenuenet": 207000000,
        "salesrevenuenet": 1276000000,
        "revenueshareandroyalties": 273000000,
        "programmingandcontent": 90000000,
        "customerserviceandbilling": 95000000,
        "othercostsofsubscriberservices": 31000000,
        "subscriberacquisitioncosts": 121000000,
        "operatingcostsandexpenses": 18000000,
        "sellinggeneralandadministrativeexpense": 202000000,
        "depreciationandamortization": 79000000,
        "costsandexpenses": 909000000,
        "operatingincomeloss": 367000000,
        "interestexpense": 93000000,
        "incomelossfromequitymethodinvestments": -8000000,
        "unrealizedgainlossonsecurities": -53000000,
        "nonoperatingincomeexpense": -90000000,
        "incomelossfromcontinuingoperationsbeforeincometaxesextraordinaryitemsnoncontrollinginterest": 277000000,
        "incometaxexpensebenefit": 129000000,
        "profitloss": 116000000,
        "netincomelossattributabletononcontrollinginterest": 55000000,
        "netincomeloss": 96000000,
        "earningspersharebasic": 0.29000000000000004,
        "earningspersharediluted": 0.29000000000000004,
        "othercomprehensiveincomelossforeigncurrencytransactionandtranslationadjustmentnetoftax": -2000000,
        "comprehensiveincomenetoftaxincludingportionattributabletononcontrollinginterest": 167000000,
        "comprehensiveincomenetoftaxattributabletononcontrollinginterest": 54000000,
        "comprehensiveincomenetoftax": 113000000
    },
    {
        "date": "2016-06-29",
        "symbol": "FWONK",
        "period": "Q2",
        "salesrevenueservicesnet": 1032000000,
        "othersalesrevenuenet": 203000000,
        "salesrevenuenet": 1235000000,
        "revenueshareandroyalties": 264000000,
        "programmingandcontent": 83000000,
        "customerserviceandbilling": 94000000,
        "othercostsofsubscriberservices": 45000000,
        "subscriberacquisitioncosts": 129000000,
        "operatingcostsandexpenses": 20000000,
        "sellinggeneralandadministrativeexpense": 180000000,
        "gainlossrelatedtolitigationsettlement": 0,
        "depreciationandamortization": 77000000,
        "costsandexpenses": 892000000,
        "operatingincomeloss": 343000000,
        "interestexpense": 86000000,
        "incomelossfromequitymethodinvestments": 2000000,
        "unrealizedgainlossonsecurities": 4000000,
        "othernonoperatingincomeexpense": 0,
        "nonoperatingincomeexpense": -84000000,
        "incomelossfromcontinuingoperationsbeforeincometaxesextraordinaryitemsnoncontrollinginterest": 259000000,
        "incometaxexpensebenefit": 99000000,
        "profitloss": 80000000,
        "netincomelossattributabletononcontrollinginterest": 60000000,
        "netincomeloss": -19000000,
        "earningspersharebasic": -0.8500000000000001,
        "earningspersharediluted": -0.8400000000000001,
        "othercomprehensiveincomelossforeigncurrencytransactionandtranslationadjustmentnetoftax": -1000000,
        "othercomprehensiveincomelossnetoftax": 0,
        "comprehensiveincomenetoftaxincludingportionattributabletononcontrollinginterest": 135000000,
        "comprehensiveincomenetoftaxattributabletononcontrollinginterest": 60000000,
        "comprehensiveincomenetoftax": 75000000
    },
    {
        "date": "2016-03-30",
        "symbol": "FWONK",
        "period": "Q1",
        "salesrevenueservicesnet": 1009000000,
        "othersalesrevenuenet": 191000000,
        "salesrevenuenet": 1200000000,
        "revenueshareandroyalties": 252000000,
        "programmingandcontent": 85000000,
        "customerserviceandbilling": 97000000,
        "othercostsofsubscriberservices": 33000000,
        "subscriberacquisitioncosts": 132000000,
        "operatingcostsandexpenses": 19000000,
        "sellinggeneralandadministrativeexpense": 167000000,
        "gainlossrelatedtolitigationsettlement": 511000000,
        "depreciationandamortization": 79000000,
        "costsandexpenses": 864000000,
        "operatingincomeloss": 336000000,
        "interestexpense": 81000000,
        "incomelossfromequitymethodinvestments": 7000000,
        "unrealizedgainlossonsecurities": -3000000,
        "othernonoperatingincomeexpense": 1000000,
        "nonoperatingincomeexpense": -73000000,
        "incomelossfromcontinuingoperationsbeforeincometaxesextraordinaryitemsnoncontrollinginterest": 263000000,
        "incometaxexpensebenefit": 100000000,
        "profitloss": 365000000,
        "netincomelossattributabletononcontrollinginterest": 62000000,
        "netincomeloss": 101000000,
        "earningspersharebasic": 1.09,
        "earningspersharediluted": 1.08,
        "othercomprehensiveincomelossforeigncurrencytransactionandtranslationadjustmentnetoftax": 8000000,
        "othercomprehensiveincomelossnetoftax": 3000000,
        "comprehensiveincomenetoftaxincludingportionattributabletononcontrollinginterest": 435000000,
        "comprehensiveincomenetoftaxattributabletononcontrollinginterest": 65000000,
        "comprehensiveincomenetoftax": 370000000
    },
    {
        "date": "2015-09-29",
        "symbol": "FWONK",
        "period": "Q3",
        "salesrevenueservicesnet": 969000000,
        "othersalesrevenuenet": 315000000,
        "salesrevenuenet": 120000000,
        "revenueshareandroyalties": 239000000,
        "programmingandcontent": 68000000,
        "customerserviceandbilling": 94000000,
        "othercostsofsubscriberservices": 33000000,
        "subscriberacquisitioncosts": 133000000,
        "operatingcostsandexpenses": 93000000,
        "sellinggeneralandadministrativeexpense": 207000000,
        "depreciationandamortization": 96000000,
        "costsandexpenses": 963000000,
        "operatingincomeloss": 321000000,
        "interestexpense": 84000000,
        "incomelossfromequitymethodinvestments": 1000000,
        "unrealizedgainlossonsecurities": -19000000,
        "othernonoperatingincomeexpense": 4000000,
        "nonoperatingincomeexpense": -251000000,
        "incomelossfromcontinuingoperationsbeforeincometaxesextraordinaryitemsnoncontrollinginterest": 70000000,
        "incometaxexpensebenefit": 29000000,
        "profitloss": 41000000,
        "netincomelossattributabletononcontrollinginterest": 63000000,
        "netincomeloss": -22000000,
        "earningspersharebasic": -0.07,
        "earningspersharediluted": -0.07,
        "othercomprehensiveincomelossforeigncurrencytransactionandtranslationadjustmentnetoftax": -9000000,
        "shareofothercomprehensiveearningslossofequityaffiliates": -1000000,
        "othercomprehensiveincomelossnetoftax": -10000000,
        "comprehensiveincomenetoftaxincludingportionattributabletononcontrollinginterest": 31000000,
        "comprehensiveincomenetoftaxattributabletononcontrollinginterest": 59000000,
        "comprehensiveincomenetoftax": -28000000
    },
    {
        "date": "2015-06-29",
        "symbol": "FWONK",
        "period": "Q2",
        "salesrevenueservicesnet": 936000000,
        "othersalesrevenuenet": 286000000,
        "salesrevenuenet": 103000000,
        "revenueshareandroyalties": 331000000,
        "programmingandcontent": 61000000,
        "customerserviceandbilling": 94000000,
        "othercostsofsubscriberservices": 34000000,
        "subscriberacquisitioncosts": 137000000,
        "operatingcostsandexpenses": 103000000,
        "sellinggeneralandadministrativeexpense": 199000000,
        "depreciationandamortization": 92000000,
        "costsandexpenses": 1051000000,
        "operatingincomeloss": 171000000,
        "interestexpense": 83000000,
        "incomelossfromequitymethodinvestments": 3000000,
        "unrealizedgainlossonsecurities": 49000000,
        "othernonoperatingincomeexpense": 6000000,
        "nonoperatingincomeexpense": -37000000,
        "incomelossfromcontinuingoperationsbeforeincometaxesextraordinaryitemsnoncontrollinginterest": 134000000,
        "incometaxexpensebenefit": 35000000,
        "profitloss": 99000000,
        "netincomelossattributabletononcontrollinginterest": 38000000,
        "netincomeloss": 61000000,
        "earningspersharebasic": 0.18,
        "earningspersharediluted": 0.18,
        "othercomprehensiveincomelossforeigncurrencytransactionandtranslationadjustmentnetoftax": -31000000,
        "shareofothercomprehensiveearningslossofequityaffiliates": 5000000,
        "othercomprehensiveincomelossnetoftax": -26000000,
        "comprehensiveincomenetoftaxincludingportionattributabletononcontrollinginterest": 73000000,
        "comprehensiveincomenetoftaxattributabletononcontrollinginterest": 24000000,
        "comprehensiveincomenetoftax": 49000000
    },
    {
        "date": "2015-03-30",
        "symbol": "FWONK",
        "period": "Q1",
        "salesrevenueservicesnet": 907000000,
        "othersalesrevenuenet": 174000000,
        "salesrevenuenet": 5000000,
        "revenueshareandroyalties": 213000000,
        "programmingandcontent": 62000000,
        "customerserviceandbilling": 92000000,
        "othercostsofsubscriberservices": 31000000,
        "subscriberacquisitioncosts": 122000000,
        "operatingcostsandexpenses": 30000000,
        "sellinggeneralandadministrativeexpense": 202000000,
        "depreciationandamortization": 84000000,
        "costsandexpenses": 836000000,
        "operatingincomeloss": 245000000,
        "interestexpense": 77000000,
        "incomelossfromequitymethodinvestments": -7000000,
        "unrealizedgainlossonsecurities": -5000000,
        "othernonoperatingincomeexpense": 2000000,
        "nonoperatingincomeexpense": -140000000,
        "incomelossfromcontinuingoperationsbeforeincometaxesextraordinaryitemsnoncontrollinginterest": 105000000,
        "incometaxexpensebenefit": 86000000,
        "profitloss": -19000000,
        "netincomelossattributabletononcontrollinginterest": 38000000,
        "netincomeloss": -19000000,
        "earningspersharebasic": -0.06,
        "earningspersharediluted": -0.06,
        "shareofothercomprehensiveearningslossofequityaffiliates": -7000000,
        "othercomprehensiveincomelossnetoftax": -7000000,
        "comprehensiveincomenetoftaxincludingportionattributabletononcontrollinginterest": 12000000,
        "comprehensiveincomenetoftaxattributabletononcontrollinginterest": 38000000,
        "comprehensiveincomenetoftax": -26000000
    },
    {
        "date": "2014-09-29",
        "symbol": "FWONK",
        "period": "Q3",
        "salesrevenueservicesnet": 892000000,
        "othersalesrevenuenet": 292000000,
        "salesrevenuenet": 137000000,
        "revenueshareandroyalties": 204000000,
        "programmingandcontent": 66000000,
        "customerserviceandbilling": 94000000,
        "othercostsofsubscriberservices": 33000000,
        "subscriberacquisitioncosts": 120000000,
        "operatingcostsandexpenses": 119000000,
        "sellinggeneralandadministrativeexpense": 209000000,
        "depreciationandamortization": 90000000,
        "costsandexpenses": 935000000,
        "operatingincomeloss": 249000000,
        "interestexpense": 70000000,
        "interestanddividendincomesecurities": 6000000,
        "incomelossfromequitymethodinvestments": 2000000,
        "unrealizedgainlossonsecurities": 41000000,
        "businesscombinationstepacquisitionequityinterestinacquireeremeasurementgainorloss": -1000000,
        "othernonoperatingincomeexpense": -13000000,
        "nonoperatingincomeexpense": -99000000,
        "incomelossfromcontinuingoperationsbeforeincometaxesextraordinaryitemsnoncontrollinginterest": 150000000,
        "incometaxexpensebenefit": 63000000,
        "profitloss": 87000000,
        "netincomelossattributabletononcontrollinginterest": 54000000,
        "netincomeloss": 33000000,
        "earningspersharebasic": 0.1,
        "earningspersharediluted": 0.1,
        "othercomprehensiveincomeunrealizedholdinggainlossonsecuritiesarisingduringperiodnetoftax": -1000000,
        "shareofothercomprehensiveearningslossofequityaffiliates": -8000000,
        "othercomprehensiveincomelossnetoftax": -9000000,
        "comprehensiveincomenetoftaxincludingportionattributabletononcontrollinginterest": 78000000,
        "comprehensiveincomenetoftaxattributabletononcontrollinginterest": 54000000,
        "comprehensiveincomenetoftax": 24000000
    },
    {
        "date": "2014-06-29",
        "symbol": "FWONK",
        "period": "Q2",
        "profitloss": 106000000,
        "othercomprehensiveincomeunrealizedholdinggainlossonsecuritiesarisingduringperiodnetoftax": 0,
        "shareofothercomprehensiveearningslossofequityaffiliates": 2000000,
        "comprehensiveincomenetoftaxincludingportionattributabletononcontrollinginterest": 108000000,
        "comprehensiveincomenetoftaxattributabletononcontrollinginterest": 56000000,
        "comprehensiveincomenetoftax": 52000000,
        "salesrevenueservicesnet": 869000000,
        "othersalesrevenuenet": 291000000,
        "salesrevenuenet": 1990000000,
        "revenueshareandroyalties": 201000000,
        "programmingandcontent": 62000000,
        "customerserviceandbilling": 90000000,
        "othercostsofsubscriberservices": 34000000,
        "subscriberacquisitioncosts": 124000000,
        "operatingcostsandexpenses": 111000000,
        "sellinggeneralandadministrativeexpense": 215000000,
        "depreciationandamortization": 92000000,
        "costsandexpenses": 929000000,
        "operatingincomeloss": 231000000,
        "interestexpense": 62000000,
        "incomelossfromequitymethodinvestments": -25000000,
        "unrealizedgainlossonsecurities": 4000000,
        "businesscombinationstepacquisitionequityinterestinacquireeremeasurementgainorloss": 1000000,
        "othernonoperatingincomeexpense": -2000000,
        "nonoperatingincomeexpense": -50000000,
        "incomelossfromcontinuingoperationsbeforeincometaxesextraordinaryitemsnoncontrollinginterest": 181000000,
        "incometaxexpensebenefit": 75000000,
        "netincomelossattributabletononcontrollinginterest": 56000000,
        "netincomeloss": 50000000,
        "earningspersharebasic": 0.01999999999999999,
        "earningspersharediluted": 0.01999999999999999
    },
    {
        "date": "2014-03-30",
        "symbol": "FWONK",
        "period": "Q1",
        "profitloss": 72000000,
        "othercomprehensiveincomeunrealizedholdinggainlossonsecuritiesarisingduringperiodnetoftax": -3000000,
        "shareofothercomprehensiveearningslossofequityaffiliates": 3000000,
        "comprehensiveincomenetoftaxincludingportionattributabletononcontrollinginterest": 72000000,
        "comprehensiveincomenetoftaxattributabletononcontrollinginterest": 50000000,
        "comprehensiveincomenetoftax": 22000000,
        "salesrevenueservicesnet": 841000000,
        "othersalesrevenuenet": 170000000,
        "salesrevenuenet": 23000000,
        "revenueshareandroyalties": 195000000,
        "programmingandcontent": 66000000,
        "customerserviceandbilling": 92000000,
        "othercostsofsubscriberservices": 30000000,
        "subscriberacquisitioncosts": 123000000,
        "operatingcostsandexpenses": 44000000,
        "sellinggeneralandadministrativeexpense": 216000000,
        "depreciationandamortization": 90000000,
        "costsandexpenses": 856000000,
        "operatingincomeloss": 155000000,
        "interestexpense": 53000000,
        "incomelossfromequitymethodinvestments": -28000000,
        "unrealizedgainlossonsecurities": 59000000,
        "businesscombinationstepacquisitionequityinterestinacquireeremeasurementgainorloss": 1000000,
        "othernonoperatingincomeexpense": -38000000,
        "nonoperatingincomeexpense": -190000000,
        "incomelossfromcontinuingoperationsbeforeincometaxesextraordinaryitemsnoncontrollinginterest": -35000000,
        "incometaxexpensebenefit": -107000000,
        "netincomelossattributabletononcontrollinginterest": 50000000,
        "netincomeloss": 22000000,
        "earningspersharebasic": 0.19,
        "earningspersharediluted": 0.19
    },
    {
        "date": "2013-09-29",
        "symbol": "FWONK",
        "period": "Q3",
        "profitloss": 104000000,
        "othercomprehensiveincomeunrealizedgainlossonderivativesarisingduringperiodnetoftax": 2000000,
        "othercomprehensiveincomelossnetoftax": 11000000,
        "comprehensiveincomenetoftaxincludingportionattributabletononcontrollinginterest": 115000000,
        "comprehensiveincomenetoftaxattributabletononcontrollinginterest": 34000000,
        "comprehensiveincomenetoftax": 81000000,
        "incomelossfromcontinuingoperationsperbasicshare": 54.53999999999999,
        "earningspersharebasic": 0.5900000000000034,
        "salesrevenueservicesnet": 832000000,
        "othersalesrevenuenet": 278000000,
        "salesrevenuenet": 959000000,
        "revenueshareandroyalties": 186000000,
        "programmingandcontent": 64000000,
        "customerserviceandbilling": 77000000,
        "othercostsofsubscriberservices": 25000000,
        "subscriberacquisitioncosts": 137000000,
        "operatingcostsandexpenses": 104000000,
        "sellinggeneralandadministrativeexpense": 209000000,
        "depreciationandamortization": 79000000,
        "costsandexpenses": 881000000,
        "operatingincomeloss": 274000000,
        "interestexpense": -28000000,
        "interestanddividendincomesecurities": 12000000,
        "gainlossonderivativeinstrumentsnetpretax": 11000000,
        "gainlossondispositionofassets": 0,
        "othernonoperatingincomeexpense": -67000000,
        "nonoperatingincomeexpense": -38000000,
        "incomelossfromcontinuingoperationsbeforeincometaxesextraordinaryitemsnoncontrollinginterest": 191000000,
        "incomelossfromcontinuingoperationsbeforeincometaxesminorityinterestandincomelossfromequitymethodinvestments": -11000000,
        "incometaxexpensebenefit": 87000000,
        "incomelossfromcontinuingoperationsincludingportionattributabletononcontrollinginterest": 104000000,
        "netincomelossattributabletononcontrollinginterest": -1485000000,
        "netincomeloss": 6476000000,
        "earningspersharediluted": 0.5799999999999983,
        "incomelossfromcontinuingoperationsperdilutedshare": 53.870000000000005
    },
    {
        "date": "2013-06-29",
        "symbol": "FWONK",
        "period": "Q2",
        "profitloss": 158000000,
        "othercomprehensiveincomeforeigncurrencytransactionandtranslationgainlossarisingduringperiodnetoftax": 0,
        "othercomprehensiveincomeunrealizedgainlossonderivativesarisingduringperiodnetoftax": -2000000,
        "othercomprehensiveincomelossreclassificationadjustmentforsaleofsecuritiesincludedinnetincomenetoftax": 0,
        "othercomprehensiveincomelossnetoftax": -2000000,
        "comprehensiveincomenetoftaxincludingportionattributabletononcontrollinginterest": 156000000,
        "comprehensiveincomenetoftaxattributabletononcontrollinginterest": 62000000,
        "comprehensiveincomenetoftax": 94000000,
        "incomelossfromcontinuingoperationsperbasicshare": -53.15,
        "earningspersharebasic": 0.7999999999999972,
        "salesrevenueservicesnet": 813000000,
        "othersalesrevenuenet": 265000000,
        "salesrevenuenet": 1644000000,
        "revenueshareandroyalties": 159000000,
        "programmingandcontent": 61000000,
        "customerserviceandbilling": 81000000,
        "othercostsofsubscriberservices": 27000000,
        "subscriberacquisitioncosts": 133000000,
        "operatingcostsandexpenses": 108000000,
        "sellinggeneralandadministrativeexpense": 185000000,
        "depreciationandamortization": 88000000,
        "costsandexpenses": 842000000,
        "operatingincomeloss": 191000000,
        "interestexpense": 95000000,
        "interestanddividendincomesecurities": 13000000,
        "incomelossfromequitymethodinvestments": 0,
        "gainlossonderivativeinstrumentsnetpretax": -60000000,
        "gainlossondispositionofassets": 2000000,
        "othernonoperatingincomeexpense": -1000000,
        "nonoperatingincomeexpense": 26000000,
        "incomelossfromcontinuingoperationsbeforeincometaxesextraordinaryitemsnoncontrollinginterest": 262000000,
        "incomelossfromcontinuingoperationsbeforeincometaxesminorityinterestandincomelossfromequitymethodinvestments": 262000000,
        "incometaxexpensebenefit": 104000000,
        "incomelossfromcontinuingoperationsincludingportionattributabletononcontrollinginterest": 158000000,
        "netincomelossattributabletononcontrollinginterest": 1581000000,
        "netincomeloss": -6310000000,
        "earningspersharediluted": 0.7900000000000063,
        "incomelossfromcontinuingoperationsperdilutedshare": -52.49999999999999
    },
    {
        "date": "2013-03-30",
        "symbol": "FWONK",
        "period": "Q1",
        "profitloss": 8110000000,
        "othercomprehensiveincomeforeigncurrencytransactionandtranslationgainlossarisingduringperiodnetoftax": -6000000,
        "othercomprehensiveincomeunrealizedgainlossonderivativesarisingduringperiodnetoftax": 4000000,
        "othercomprehensiveincomelossreclassificationadjustmentforsaleofsecuritiesincludedinnetincomenetoftax": -26000000,
        "othercomprehensiveincomelossnetoftax": -28000000,
        "comprehensiveincomenetoftaxincludingportionattributabletononcontrollinginterest": 8082000000,
        "comprehensiveincomenetoftaxattributabletononcontrollinginterest": 48000000,
        "comprehensiveincomenetoftax": 8034000000,
        "incomelossfromcontinuingoperationsperbasicshare": 67.75,
        "earningspersharebasic": 67.75,
        "salesrevenueservicesnet": 635000000,
        "othersalesrevenuenet": 154000000,
        "salesrevenuenet": 23000000,
        "revenueshareandroyalties": 124000000,
        "programmingandcontent": 54000000,
        "customerserviceandbilling": 66000000,
        "othercostsofsubscriberservices": 22000000,
        "subscriberacquisitioncosts": 97000000,
        "operatingcostsandexpenses": 42000000,
        "sellinggeneralandadministrativeexpense": 154000000,
        "depreciationandamortization": 70000000,
        "costsandexpenses": 629000000,
        "operatingincomeloss": 160000000,
        "interestexpense": 11000000,
        "interestanddividendincomesecurities": 12000000,
        "incomelossfromequitymethodinvestments": 1000000,
        "gainlossonderivativeinstrumentsnetpretax": 82000000,
        "gainlossondispositionofassets": 7479000000,
        "othernonoperatingincomeexpense": -5000000,
        "nonoperatingincomeexpense": 7589000000,
        "incomelossfromcontinuingoperationsbeforeincometaxesextraordinaryitemsnoncontrollinginterest": 7749000000,
        "incomelossfromcontinuingoperationsbeforeincometaxesminorityinterestandincomelossfromequitymethodinvestments": 7749000000,
        "incometaxexpensebenefit": -361000000,
        "incomelossfromcontinuingoperationsincludingportionattributabletononcontrollinginterest": 8110000000,
        "netincomelossattributabletononcontrollinginterest": 48000000,
        "netincomeloss": 8062000000,
        "earningspersharediluted": 66.63,
        "incomelossfromcontinuingoperationsperdilutedshare": 66.63
    }
]