[
    {
        "date": "2024-09-29",
        "symbol": "VMC",
        "period": "Q3",
        "revenuefromcontractwithcustomerexcludingassessedtax": 2003900000,
        "costofgoodsandservicessold": 1438700000,
        "grossprofit": 565200000,
        "sellinggeneralandadministrativeexpense": 129100000,
        "gainlossondispositionofassets1": 200000,
        "assetimpairmentcharges": 86600000,
        "otheroperatingincomeexpensenet": -12600000,
        "operatingincomeloss": 337100000,
        "othernonoperatingincomeexpense": 1800000,
        "interestexpensenonoperating": 600000,
        "incomelossfromcontinuingoperationsbeforeincometaxesextraordinaryitemsnoncontrollinginterest": 294900000,
        "incometaxexpensebenefit": -400000,
        "incomelossfromcontinuingoperationsincludingportionattributabletononcontrollinginterest": 209700000,
        "incomelossfromdiscontinuedoperationsnetoftaxattributabletoreportingentity": -1300000,
        "profitloss": 800000,
        "netincomelossattributabletononcontrollinginterest": 800000,
        "netincomeloss": 1800000,
        "othercomprehensiveincomelossderivativeexcludedcomponentincreasedecreasebeforeadjustmentsaftertax": 400000,
        "othercomprehensiveincomelossreclassificationadjustmentfromaocipensionandotherpostretirementbenefitplansnetoftax": 1400000,
        "othercomprehensiveincomelossnetoftaxportionattributabletoparent": 1800000,
        "comprehensiveincomenetoftaxincludingportionattributabletononcontrollinginterest": 210200000,
        "comprehensiveincomenetoftaxattributabletononcontrollinginterest": 800000,
        "comprehensiveincomenetoftax": 209400000,
        "incomelossfromcontinuingoperationsperbasicshare": 1.58,
        "incomelossfromdiscontinuedoperationsnetoftaxperbasicshare": -0.01,
        "earningspersharebasic": 1.57,
        "incomelossfromcontinuingoperationsperdilutedshare": 1.57,
        "incomelossfromdiscontinuedoperationsnetoftaxperdilutedshare": -0.01,
        "earningspersharediluted": 1.56,
        "weightedaveragenumberofsharesoutstandingbasic": 132200000,
        "weightedaveragenumberofdilutedsharesoutstanding": 133000000,
        "effectiveincometaxratecontinuingoperations": 0.289
    },
    {
        "date": "2024-03-30",
        "symbol": "VMC",
        "period": "Q1",
        "revenuefromcontractwithcustomerexcludingassessedtax": 1545700000,
        "costofgoodsandservicessold": 1240800000,
        "grossprofit": 304900000,
        "sellinggeneralandadministrativeexpense": 129700000,
        "gainlossondispositionofassets1": 600000,
        "otheroperatingincomeexpensenet": -2900000,
        "operatingincomeloss": 172900000,
        "othernonoperatingincomeexpense": -300000,
        "interestincomeexpensenonoperatingnet": -39100000,
        "incomelossfromcontinuingoperationsbeforeincometaxesextraordinaryitemsnoncontrollinginterest": 133500000,
        "incometaxexpensebenefit": 28900000,
        "incomelossfromcontinuingoperationsincludingportionattributabletononcontrollinginterest": 104600000,
        "incomelossfromdiscontinuedoperationsnetoftaxattributabletoreportingentity": -1700000,
        "profitloss": 102900000,
        "netincomelossattributabletononcontrollinginterest": 200000,
        "netincomeloss": 102700000,
        "othercomprehensiveincomelossderivativeexcludedcomponentincreasedecreasebeforeadjustmentsaftertax": 400000,
        "othercomprehensiveincomelossreclassificationadjustmentfromaocipensionandotherpostretirementbenefitplansnetoftax": 1300000,
        "othercomprehensiveincomelossnetoftaxportionattributabletoparent": 1700000,
        "comprehensiveincomenetoftaxincludingportionattributabletononcontrollinginterest": 104600000,
        "comprehensiveincomenetoftaxattributabletononcontrollinginterest": 200000,
        "comprehensiveincomenetoftax": 104400000,
        "incomelossfromcontinuingoperationsperbasicshare": 0.79,
        "incomelossfromdiscontinuedoperationsnetoftaxperbasicshare": -0.01,
        "earningspersharebasic": 0.78,
        "incomelossfromcontinuingoperationsperdilutedshare": 0.78,
        "incomelossfromdiscontinuedoperationsnetoftaxperdilutedshare": -0.01,
        "earningspersharediluted": 0.77,
        "weightedaveragenumberofsharesoutstandingbasic": 132400000,
        "weightedaveragenumberofdilutedsharesoutstanding": 133100000,
        "effectiveincometaxratecontinuingoperations": 0.216
    },
    {
        "date": "2023-12-30",
        "symbol": "VMC",
        "period": "Q4",
        "revenues": 2324700000,
        "costofgoodsandservicessold": 1362100000,
        "grossprofit": 1355600000,
        "sellinggeneralandadministrativeexpense": 142400000,
        "gainlossondispositionofassets1": 53600000,
        "operatingincomeloss": 370200000,
        "othernonoperatingincomeexpense": 300000,
        "incomelossfromcontinuingoperationsbeforeincometaxesextraordinaryitemsnoncontrollinginterest": 335300000,
        "incometaxexpensebenefit": 214500000,
        "incomelossfromcontinuingoperationsincludingportionattributabletononcontrollinginterest": 230300000,
        "incomelossfromdiscontinuedoperationsnetoftaxattributabletoreportingentity": -2200000,
        "profitloss": 228100000,
        "netincomeloss": 653400000,
        "othercomprehensiveincomelossderivativeexcludedcomponentincreasedecreasebeforeadjustmentsaftertax": 400000,
        "othercomprehensiveincomelossreclassificationadjustmentfromaocipensionandotherpostretirementbenefitplansnetoftax": 1300000,
        "othercomprehensiveincomelossnetoftaxportionattributabletoparent": 5900000,
        "comprehensiveincomenetoftaxincludingportionattributabletononcontrollinginterest": 234000000,
        "comprehensiveincomenetoftax": 233300000,
        "incomelossfromcontinuingoperationsperbasicshare": 1.73,
        "incomelossfromdiscontinuedoperationsnetoftaxperbasicshare": -0.009999999999999997,
        "earningspersharebasic": 1.7199999999999993,
        "incomelossfromcontinuingoperationsperdilutedshare": 1.7199999999999998,
        "incomelossfromdiscontinuedoperationsnetoftaxperdilutedshare": -0.019999999999999993,
        "earningspersharediluted": 1.7000000000000002
    },
    {
        "date": "2023-09-29",
        "symbol": "VMC",
        "period": "Q3",
        "revenues": 2185800000,
        "costofgoodsandservicessold": 1594800000,
        "grossprofit": 591000000,
        "sellinggeneralandadministrativeexpense": 143900000,
        "gainlossondispositionofassets1": 4300000,
        "assetimpairmentcharges": 28300000,
        "otheroperatingincomeexpensenet": -4200000,
        "operatingincomeloss": 418900000,
        "othernonoperatingincomeexpense": -6400000,
        "interestincomeexpensenonoperatingnet": -46600000,
        "incomelossfromcontinuingoperationsbeforeincometaxesextraordinaryitemsnoncontrollinginterest": 365900000,
        "incometaxexpensebenefit": 85800000,
        "incomelossfromcontinuingoperationsincludingportionattributabletononcontrollinginterest": 280100000,
        "incomelossfromdiscontinuedoperationsnetoftaxattributabletoreportingentity": -2800000,
        "profitloss": 277300000,
        "netincomelossattributabletononcontrollinginterest": 800000,
        "netincomeloss": 276500000,
        "othercomprehensiveincomelossderivativeexcludedcomponentincreasedecreasebeforeadjustmentsaftertax": 400000,
        "othercomprehensiveincomelossreclassificationadjustmentfromaocipensionandotherpostretirementbenefitplansnetoftax": 1300000,
        "othercomprehensiveincomelossnetoftaxportionattributabletoparent": 1700000,
        "comprehensiveincomenetoftaxincludingportionattributabletononcontrollinginterest": 279000000,
        "comprehensiveincomenetoftaxattributabletononcontrollinginterest": 800000,
        "comprehensiveincomenetoftax": 278200000,
        "incomelossfromcontinuingoperationsperbasicshare": 2.1,
        "incomelossfromdiscontinuedoperationsnetoftaxperbasicshare": -0.02,
        "earningspersharebasic": 2.08,
        "incomelossfromcontinuingoperationsperdilutedshare": 2.09,
        "incomelossfromdiscontinuedoperationsnetoftaxperdilutedshare": -0.02,
        "earningspersharediluted": 2.07,
        "weightedaveragenumberofsharesoutstandingbasic": 133000000,
        "weightedaveragenumberofdilutedsharesoutstanding": 133700000,
        "effectiveincometaxratecontinuingoperations": 0.234
    },
    {
        "date": "2023-06-29",
        "symbol": "VMC",
        "period": "Q2",
        "revenues": 1848400000,
        "costofgoodsandservicessold": 1529500000,
        "grossprofit": 1100000,
        "sellinggeneralandadministrativeexpense": 139200000,
        "gainlossondispositionofassets1": 16800000,
        "otheroperatingincomeexpensenet": -9800000,
        "operatingincomeloss": 451100000,
        "othernonoperatingincomeexpense": 1700000,
        "interestincomeexpensenonoperatingnet": 600000,
        "incomelossfromcontinuingoperationsbeforeincometaxesextraordinaryitemsnoncontrollinginterest": 404300000,
        "incometaxexpensebenefit": -500000,
        "incomelossfromcontinuingoperationsincludingportionattributabletononcontrollinginterest": 312300000,
        "incomelossfromdiscontinuedoperationsnetoftaxattributabletoreportingentity": -3700000,
        "profitloss": 308600000,
        "netincomelossattributabletononcontrollinginterest": 0,
        "netincomeloss": 1600000,
        "othercomprehensiveincomelossderivativeexcludedcomponentincreasedecreasebeforeadjustmentsaftertax": 400000,
        "othercomprehensiveincomelossreclassificationadjustmentfromaocipensionandotherpostretirementbenefitplansnetoftax": 1200000,
        "othercomprehensiveincomelossnetoftaxportionattributabletoparent": 1600000,
        "comprehensiveincomenetoftaxincludingportionattributabletononcontrollinginterest": 310200000,
        "comprehensiveincomenetoftaxattributabletononcontrollinginterest": 0,
        "comprehensiveincomenetoftax": 310200000,
        "incomelossfromcontinuingoperationsperbasicshare": 2.35,
        "incomelossfromdiscontinuedoperationsnetoftaxperbasicshare": -0.04,
        "earningspersharebasic": 2.31,
        "incomelossfromcontinuingoperationsperdilutedshare": 2.33,
        "incomelossfromdiscontinuedoperationsnetoftaxperdilutedshare": -0.02,
        "earningspersharediluted": 2.31,
        "weightedaveragenumberofsharesoutstandingbasic": 0,
        "weightedaveragenumberofdilutedsharesoutstanding": 0,
        "effectiveincometaxratecontinuingoperations": 0.081
    },
    {
        "date": "2023-03-30",
        "symbol": "VMC",
        "period": "Q1",
        "revenues": 1423000000,
        "costofgoodsandservicessold": 1347000000,
        "grossprofit": 800000,
        "sellinggeneralandadministrativeexpense": 117300000,
        "gainlossondispositionofassets1": 1700000,
        "otheroperatingincomeexpensenet": 800000,
        "operatingincomeloss": 187200000,
        "othernonoperatingincomeexpense": 1700000,
        "interestincomeexpensenonoperatingnet": 500000,
        "incomelossfromcontinuingoperationsbeforeincometaxesextraordinaryitemsnoncontrollinginterest": 139600000,
        "incometaxexpensebenefit": -400000,
        "incomelossfromcontinuingoperationsincludingportionattributabletononcontrollinginterest": 123000000,
        "incomelossfromdiscontinuedoperationsnetoftaxattributabletoreportingentity": -2100000,
        "profitloss": 120900000,
        "netincomelossattributabletononcontrollinginterest": 200000,
        "netincomeloss": 1700000,
        "othercomprehensiveincomelossderivativeexcludedcomponentincreasedecreasebeforeadjustmentsaftertax": 400000,
        "othercomprehensiveincomelossreclassificationadjustmentfromaocipensionandotherpostretirementbenefitplansnetoftax": 1300000,
        "othercomprehensiveincomelossnetoftaxportionattributabletoparent": 1700000,
        "comprehensiveincomenetoftaxincludingportionattributabletononcontrollinginterest": 122600000,
        "comprehensiveincomenetoftaxattributabletononcontrollinginterest": 200000,
        "comprehensiveincomenetoftax": 122400000,
        "incomelossfromcontinuingoperationsperbasicshare": 0.92,
        "incomelossfromdiscontinuedoperationsnetoftaxperbasicshare": -0.01,
        "earningspersharebasic": 0.91,
        "incomelossfromcontinuingoperationsperdilutedshare": 0.92,
        "incomelossfromdiscontinuedoperationsnetoftaxperdilutedshare": -0.02,
        "earningspersharediluted": 0.9,
        "weightedaveragenumberofsharesoutstandingbasic": 133199999.99999999,
        "weightedaveragenumberofdilutedsharesoutstanding": 133699999.99999999,
        "effectiveincometaxratecontinuingoperations": 0.11900000000000001
    },
    {
        "date": "2022-09-29",
        "symbol": "VMC",
        "period": "Q3",
        "revenues": 2297400000,
        "costofgoodsandservicessold": 1595500000,
        "grossprofit": 760900000,
        "sellinggeneralandadministrativeexpense": 135300000,
        "gainlossondispositionofassets1": 23800000,
        "othercostandexpenseoperating": 8200000,
        "operatingincomeloss": 305300000,
        "othernonoperatingincomeexpense": 2000000,
        "interestincomeexpensenonoperatingnet": -82600000,
        "incomelossfromcontinuingoperationsbeforeincometaxesextraordinaryitemsnoncontrollinginterest": 260600000,
        "incometaxexpensebenefit": 101200000,
        "incomelossfromcontinuingoperationsincludingportionattributabletononcontrollinginterest": 178400000,
        "incomelossfromdiscontinuedoperationsnetoftaxattributabletoreportingentity": -1200000,
        "profitloss": 177200000,
        "netincomelossattributabletononcontrollinginterest": 100000,
        "netincomeloss": 267800000,
        "othercomprehensiveincomelossderivativeexcludedcomponentincreasedecreasebeforeadjustmentsaftertax": 300000,
        "othercomprehensiveincomelossreclassificationadjustmentfromaocipensionandotherpostretirementbenefitplansnetoftax": 800000,
        "othercomprehensiveincomelossnetoftaxportionattributabletoparent": 1500000,
        "comprehensiveincomenetoftaxincludingportionattributabletononcontrollinginterest": 178300000,
        "comprehensiveincomenetoftaxattributabletononcontrollinginterest": 100000,
        "comprehensiveincomenetoftax": 178200000,
        "incomelossfromcontinuingoperationsperbasicshare": 1.34,
        "incomelossfromdiscontinuedoperationsnetoftaxperbasicshare": -0.00999999999999999,
        "earningspersharebasic": 1.3300000000000005,
        "incomelossfromcontinuingoperationsperdilutedshare": 1.34,
        "incomelossfromdiscontinuedoperationsnetoftaxperdilutedshare": -0.00999999999999999,
        "earningspersharediluted": 1.33,
        "weightedaveragenumberofsharesoutstandingbasic": -133000000,
        "weightedaveragenumberofdilutedsharesoutstanding": -133500000,
        "effectiveincometaxratecontinuingoperations": -0.149
    },
    {
        "date": "2022-06-29",
        "symbol": "VMC",
        "period": "Q2",
        "revenues": 1954300000,
        "costofgoodsandservicessold": 1508100000,
        "grossprofit": 446200000,
        "sellinggeneralandadministrativeexpense": 134400000,
        "gainlossondispositionofassets1": 2000000,
        "othercostandexpenseoperating": 6200000,
        "operatingincomeloss": 307600000,
        "othernonoperatingincomeexpense": -4700000,
        "interestincomeexpensenonoperatingnet": -38700000,
        "incomelossfromcontinuingoperationsbeforeincometaxesextraordinaryitemsnoncontrollinginterest": 264200000,
        "incometaxexpensebenefit": 63700000,
        "incomelossfromcontinuingoperationsincludingportionattributabletononcontrollinginterest": 200500000,
        "incomelossfromdiscontinuedoperationsnetoftaxattributabletoreportingentity": -13100000,
        "profitloss": 187400000,
        "netincomelossattributabletononcontrollinginterest": 100000,
        "netincomeloss": 187300000,
        "othercomprehensiveincomelossderivativeexcludedcomponentincreasedecreasebeforeadjustmentsaftertax": 400000,
        "othercomprehensiveincomelossreclassificationadjustmentfromaocipensionandotherpostretirementbenefitplansnetoftax": 700000,
        "othercomprehensiveincomelossnetoftaxportionattributabletoparent": 1100000,
        "comprehensiveincomenetoftaxincludingportionattributabletononcontrollinginterest": 188500000,
        "comprehensiveincomenetoftaxattributabletononcontrollinginterest": 100000,
        "comprehensiveincomenetoftax": 188400000,
        "incomelossfromcontinuingoperationsperbasicshare": 1.51,
        "incomelossfromdiscontinuedoperationsnetoftaxperbasicshare": -0.1,
        "earningspersharebasic": 1.41,
        "incomelossfromcontinuingoperationsperdilutedshare": 1.5,
        "incomelossfromdiscontinuedoperationsnetoftaxperdilutedshare": -0.1,
        "earningspersharediluted": 1.4,
        "weightedaveragenumberofsharesoutstandingbasic": 133000000,
        "weightedaveragenumberofdilutedsharesoutstanding": 133500000,
        "effectiveincometaxratecontinuingoperations": 0.241
    },
    {
        "date": "2022-03-30",
        "symbol": "VMC",
        "period": "Q1",
        "revenues": 1331600000,
        "costofgoodsandservicessold": 1271900000,
        "grossprofit": 700000,
        "sellinggeneralandadministrativeexpense": 119000000,
        "gainlossondispositionofassets1": 2600000,
        "othercostandexpenseoperating": 5400000,
        "operatingincomeloss": 147000000,
        "othernonoperatingincomeexpense": 1000000,
        "interestincomeexpensenonoperatingnet": 500000,
        "incomelossfromcontinuingoperationsbeforeincometaxesextraordinaryitemsnoncontrollinginterest": 112600000,
        "incometaxexpensebenefit": -300000,
        "incomelossfromcontinuingoperationsincludingportionattributabletononcontrollinginterest": 93900000,
        "incomelossfromdiscontinuedoperationsnetoftaxattributabletoreportingentity": -1800000,
        "profitloss": 92100000,
        "netincomelossattributabletononcontrollinginterest": 300000,
        "netincomeloss": 1100000,
        "othercomprehensiveincomelossderivativeexcludedcomponentincreasedecreasebeforeadjustmentsaftertax": 400000,
        "othercomprehensiveincomelossreclassificationadjustmentfromaocipensionandotherpostretirementbenefitplansnetoftax": 700000,
        "othercomprehensiveincomelossnetoftaxportionattributabletoparent": 700000,
        "comprehensiveincomenetoftaxincludingportionattributabletononcontrollinginterest": 93200000,
        "comprehensiveincomenetoftaxattributabletononcontrollinginterest": 300000,
        "comprehensiveincomenetoftax": 92900000,
        "incomelossfromcontinuingoperationsperbasicshare": 0.7,
        "incomelossfromdiscontinuedoperationsnetoftaxperbasicshare": -0.01,
        "earningspersharebasic": 0.69,
        "incomelossfromcontinuingoperationsperdilutedshare": 0.7,
        "incomelossfromdiscontinuedoperationsnetoftaxperdilutedshare": -0.01,
        "earningspersharediluted": 0.69,
        "weightedaveragenumberofsharesoutstandingbasic": 133000000,
        "weightedaveragenumberofdilutedsharesoutstanding": 133600000,
        "effectiveincometaxratecontinuingoperations": 0.166
    },
    {
        "date": "2021-09-29",
        "symbol": "VMC",
        "period": "Q3",
        "revenues": 1679914000,
        "costofgoodsandservicessold": 1122446000,
        "grossprofit": 622475000,
        "sellinggeneralandadministrativeexpense": 103792000,
        "gainlossondispositionofassets1": 120105000,
        "othercostandexpenseoperating": 30843000,
        "operatingincomeloss": 262365000,
        "othernonoperatingincomeexpense": 7394000,
        "interestincomeexpensenonoperatingnet": -70375000,
        "incometaxexpensebenefit": 112845000,
        "incomelossfromdiscontinuedoperationsnetoftaxattributabletoreportingentity": -210000,
        "netincomeloss": 335930000,
        "othercomprehensiveincomelossreclassificationadjustmentfromaocipensionandotherpostretirementbenefitplansnetoftax": 1235000,
        "othercomprehensiveincomelossnetoftaxportionattributabletoparent": 1955000,
        "comprehensiveincomenetoftax": 178506000,
        "incomelossfromcontinuingoperationsperbasicshare": 1.3300000000000003,
        "incomelossfromdiscontinuedoperationsnetoftaxperbasicshare": 0,
        "earningspersharebasic": 1.33,
        "incomelossfromcontinuingoperationsperdilutedshare": 1.33,
        "incomelossfromdiscontinuedoperationsnetoftaxperdilutedshare": 0,
        "earningspersharediluted": 1.3300000000000003,
        "weightedaveragenumberofsharesoutstandingbasic": -132750000,
        "weightedaveragenumberofdilutedsharesoutstanding": -133442000,
        "effectiveincometaxratecontinuingoperations": -0.257
    },
    {
        "date": "2021-06-29",
        "symbol": "VMC",
        "period": "Q2",
        "revenues": 1361047000,
        "costofgoodsandservicessold": 962683000,
        "grossprofit": 398364000,
        "sellinggeneralandadministrativeexpense": 100667000,
        "gainlossondispositionofassets1": 211000,
        "othercostandexpenseoperating": 10372000,
        "operatingincomeloss": 287536000,
        "othernonoperatingincomeexpense": 8223000,
        "interestincomeexpensenonoperatingnet": -41696000,
        "incomelossfromcontinuingoperationsbeforeincometaxesminorityinterestandincomelossfromequitymethodinvestments": 254063000,
        "incometaxexpensebenefit": 57283000,
        "incomelossfromcontinuingoperations": 196780000,
        "incomelossfromdiscontinuedoperationsnetoftaxattributabletoreportingentity": -1436000,
        "netincomeloss": 195344000,
        "othercomprehensiveincomelossreclassificationadjustmentfromaocionderivativesnetoftax": -360000,
        "othercomprehensiveincomelossreclassificationadjustmentfromaocipensionandotherpostretirementbenefitplansnetoftax": 1235000,
        "othercomprehensiveincomelossnetoftaxportionattributabletoparent": 1595000,
        "comprehensiveincomenetoftax": 196939000,
        "incomelossfromcontinuingoperationsperbasicshare": 1.48,
        "incomelossfromdiscontinuedoperationsnetoftaxperbasicshare": -0.01,
        "earningspersharebasic": 1.47,
        "incomelossfromcontinuingoperationsperdilutedshare": 1.47,
        "incomelossfromdiscontinuedoperationsnetoftaxperdilutedshare": -0.01,
        "earningspersharediluted": 1.46,
        "weightedaveragenumberofsharesoutstandingbasic": 132781000,
        "weightedaveragenumberofdilutedsharesoutstanding": 133507000,
        "effectiveincometaxratecontinuingoperations": 0.225
    },
    {
        "date": "2021-03-30",
        "symbol": "VMC",
        "period": "Q1",
        "revenues": 1068344000,
        "costofgoodsandservicessold": 839077000,
        "grossprofit": 229267000,
        "sellinggeneralandadministrativeexpense": 88593000,
        "gainlossondispositionofassets1": 117165000,
        "othercostandexpenseoperating": 8326000,
        "operatingincomeloss": 249513000,
        "othernonoperatingincomeexpense": 5913000,
        "interestincomeexpensenonoperatingnet": -33118000,
        "incomelossfromcontinuingoperationsbeforeincometaxesminorityinterestandincomelossfromequitymethodinvestments": 222308000,
        "incometaxexpensebenefit": 60638000,
        "incomelossfromcontinuingoperations": 161670000,
        "incomelossfromdiscontinuedoperationsnetoftaxattributabletoreportingentity": -1056000,
        "netincomeloss": 160614000,
        "othercomprehensiveincomelossreclassificationadjustmentfromaocionderivativesnetoftax": -356000,
        "othercomprehensiveincomelossreclassificationadjustmentfromaocipensionandotherpostretirementbenefitplansnetoftax": 1235000,
        "othercomprehensiveincomelossnetoftaxportionattributabletoparent": 1591000,
        "comprehensiveincomenetoftax": 162205000,
        "incomelossfromcontinuingoperationsperbasicshare": 1.22,
        "incomelossfromdiscontinuedoperationsnetoftaxperbasicshare": -0.01,
        "earningspersharebasic": 1.21,
        "incomelossfromcontinuingoperationsperdilutedshare": 1.21,
        "incomelossfromdiscontinuedoperationsnetoftaxperdilutedshare": -0.01,
        "earningspersharediluted": 1.2,
        "weightedaveragenumberofsharesoutstandingbasic": 132749000,
        "weightedaveragenumberofdilutedsharesoutstanding": 133415000,
        "effectiveincometaxratecontinuingoperations": 0.273
    },
    {
        "date": "2020-12-30",
        "symbol": "VMC",
        "period": "Q4",
        "revenues": -261417000,
        "costofgoodsandservicessold": 872378000,
        "grossprofit": -294021000,
        "sellinggeneralandadministrativeexpense": 98626000,
        "gainlossondispositionofassets1": 1680000,
        "othercostandexpenseoperating": 9365000,
        "operatingincomeloss": 196430000,
        "othernonoperatingincomeexpense": -14801000,
        "incomelossfromcontinuingoperationsbeforeincometaxesminorityinterestandincomelossfromequitymethodinvestments": 141188000,
        "incometaxexpensebenefit": -49471000,
        "incomelossfromcontinuingoperations": 115915000,
        "incomelossfromdiscontinuedoperationsnetoftaxattributabletoreportingentity": -1397000,
        "netincomeloss": -151278000,
        "othercomprehensiveincomelossreclassificationadjustmentfromaocionderivativesnetoftax": -351000,
        "othercomprehensiveincomelossreclassificationadjustmentfromaocipensionandotherpostretirementbenefitplansnetoftax": 17972000,
        "othercomprehensiveincomelossnetoftaxportionattributabletoparent": 38575000,
        "comprehensiveincomenetoftax": 139207000,
        "incomelossfromcontinuingoperationsperbasicshare": 0.8800000000000003,
        "earningspersharebasic": 0.8600000000000005,
        "incomelossfromcontinuingoperationsperdilutedshare": 0.8700000000000003,
        "earningspersharediluted": 0.8599999999999997,
        "weightedaveragenumberofsharesoutstandingbasic": 14000,
        "weightedaveragenumberofdilutedsharesoutstanding": 53000
    },
    {
        "date": "2020-09-29",
        "symbol": "VMC",
        "period": "Q3",
        "revenues": 2746426000,
        "costofgoodsandservicessold": 929392000,
        "grossprofit": 977260000,
        "sellinggeneralandadministrativeexpense": 83511000,
        "gainlossondispositionofassets1": 1576000,
        "othercostandexpenseoperating": 10459000,
        "operatingincomeloss": 288104000,
        "othernonoperatingincomeexpense": -770000,
        "interestincomeexpensenonoperatingnet": -101846000,
        "incomelossfromcontinuingoperationsbeforeincometaxesminorityinterestandincomelossfromequitymethodinvestments": 258109000,
        "incometaxexpensebenefit": 131728000,
        "incomelossfromcontinuingoperations": 201125000,
        "incomelossfromdiscontinuedoperationsnetoftaxattributabletoreportingentity": -1337000,
        "netincomeloss": 465584000,
        "othercomprehensiveincomelossreclassificationadjustmentfromaocionderivativesnetoftax": -350000,
        "othercomprehensiveincomelossreclassificationadjustmentfromaocipensionandotherpostretirementbenefitplansnetoftax": 1695000,
        "othercomprehensiveincomelossnetoftaxportionattributabletoparent": -11840000,
        "comprehensiveincomenetoftax": 201834000,
        "incomelossfromcontinuingoperationsperbasicshare": 1.52,
        "earningspersharebasic": 1.5199999999999998,
        "incomelossfromcontinuingoperationsperdilutedshare": 1.51,
        "earningspersharediluted": 1.4999999999999998,
        "weightedaveragenumberofsharesoutstandingbasic": -132555000,
        "weightedaveragenumberofdilutedsharesoutstanding": -133182000,
        "depreciationdepletionandamortization": 284427000,
        "effectiveincometaxratecontinuingoperations": -0.177
    },
    {
        "date": "2020-06-29",
        "symbol": "VMC",
        "period": "Q2",
        "revenues": 1322575000,
        "costofgoodsandservicessold": 926056000,
        "grossprofit": 396519000,
        "sellinggeneralandadministrativeexpense": 91205000,
        "gainlossondispositionofassets1": -258000,
        "othercostandexpenseoperating": 6160000,
        "operatingincomeloss": 298896000,
        "othernonoperatingincomeexpense": 7367000,
        "interestincomeexpensenonoperatingnet": -33954000,
        "incomelossfromcontinuingoperationsbeforeincometaxesminorityinterestandincomelossfromequitymethodinvestments": 272309000,
        "incometaxexpensebenefit": 61352000,
        "incomelossfromcontinuingoperations": 210957000,
        "incomelossfromdiscontinuedoperationsnetoftaxattributabletoreportingentity": -1041000,
        "netincomeloss": 209916000,
        "othercomprehensiveincomelossreclassificationadjustmentfromaocionderivativesnetoftax": -194000,
        "othercomprehensiveincomelossreclassificationadjustmentfromaocipensionandotherpostretirementbenefitplansnetoftax": 1695000,
        "othercomprehensiveincomelossnetoftaxportionattributabletoparent": 1889000,
        "comprehensiveincomenetoftax": 211805000,
        "incomelossfromcontinuingoperationsperbasicshare": 1.59,
        "incomelossfromdiscontinuedoperationsnetoftaxperbasicshare": -0.01,
        "earningspersharebasic": 1.58,
        "incomelossfromcontinuingoperationsperdilutedshare": 1.58,
        "earningspersharediluted": 1.58,
        "weightedaveragenumberofsharesoutstandingbasic": 132552000,
        "weightedaveragenumberofdilutedsharesoutstanding": 133115000,
        "depreciationdepletionandamortization": 99470000,
        "effectiveincometaxratecontinuingoperations": 0.225
    },
    {
        "date": "2020-03-30",
        "symbol": "VMC",
        "period": "Q1",
        "revenues": 1049242000,
        "costofgoodsandservicessold": 847519000,
        "grossprofit": 201723000,
        "sellinggeneralandadministrativeexpense": 86430000,
        "gainlossondispositionofassets1": 999000,
        "othercostandexpenseoperating": 3991000,
        "operatingincomeloss": 112301000,
        "othernonoperatingincomeexpense": -9336000,
        "interestincomeexpensenonoperatingnet": -30773000,
        "incomelossfromcontinuingoperationsbeforeincometaxesminorityinterestandincomelossfromequitymethodinvestments": 72192000,
        "incometaxexpensebenefit": 12194000,
        "incomelossfromcontinuingoperations": 59998000,
        "incomelossfromdiscontinuedoperationsnetoftaxattributabletoreportingentity": 260000,
        "netincomeloss": 60258000,
        "othercomprehensiveincomelosscashflowhedgegainlossbeforereclassificationaftertax": -14680000,
        "othercomprehensiveincomelossreclassificationadjustmentfromaocionderivativesnetoftax": -794000,
        "othercomprehensiveincomelossreclassificationadjustmentfromaocipensionandotherpostretirementbenefitplansnetoftax": 1695000,
        "othercomprehensiveincomelossnetoftaxportionattributabletoparent": -12191000,
        "comprehensiveincomenetoftax": 48067000,
        "incomelossfromcontinuingoperationsperbasicshare": 0.45,
        "earningspersharebasic": 0.45,
        "incomelossfromcontinuingoperationsperdilutedshare": 0.45,
        "earningspersharediluted": 0.45,
        "weightedaveragenumberofsharesoutstandingbasic": 132567000,
        "weightedaveragenumberofdilutedsharesoutstanding": 133259000,
        "depreciationdepletionandamortization": 95480000,
        "effectiveincometaxratecontinuingoperations": 0.169
    },
    {
        "date": "2019-12-30",
        "symbol": "VMC",
        "period": "Q4",
        "revenues": 1186152000,
        "costofgoodsandservicessold": 893071000,
        "grossprofit": 293081000,
        "sellinggeneralandadministrativeexpense": 95802000,
        "gainlossondispositionofassets1": 12770000,
        "othercostandexpenseoperating": 16474000,
        "operatingincomeloss": 193575000,
        "othernonoperatingincomeexpense": 3289000,
        "incomelossfromcontinuingoperationsbeforeincometaxesminorityinterestandincomelossfromequitymethodinvestments": 166030000,
        "incometaxexpensebenefit": 23435000,
        "incomelossfromcontinuingoperations": 142595000,
        "incomelossfromdiscontinuedoperationsnetoftaxattributabletoreportingentity": -1503000,
        "netincomeloss": 141092000,
        "othercomprehensiveincomelossreclassificationadjustmentfromaocionderivativesnetoftax": -59000,
        "othercomprehensiveincomelossreclassificationadjustmentfromaocipensionandotherpostretirementbenefitplansnetoftax": 285000,
        "othercomprehensiveincomelossnetoftaxportionattributabletoparent": -26548000,
        "comprehensiveincomenetoftax": 114544000,
        "incomelossfromcontinuingoperationsperbasicshare": 1.08,
        "earningspersharebasic": 1.07,
        "incomelossfromcontinuingoperationsperdilutedshare": 1.07,
        "earningspersharediluted": 1.0499999999999998,
        "weightedaveragenumberofsharesoutstandingbasic": -132271000,
        "weightedaveragenumberofdilutedsharesoutstanding": -133189000
    },
    {
        "date": "2019-09-29",
        "symbol": "VMC",
        "period": "Q3",
        "revenues": 1418758000,
        "costofgoodsandservicessold": 1018115000,
        "grossprofit": 400643000,
        "sellinggeneralandadministrativeexpense": 88789000,
        "gainlossondispositionofassets1": 234000,
        "othercostandexpenseoperating": 8712000,
        "operatingincomeloss": 303376000,
        "othernonoperatingincomeexpense": 359000,
        "interestincomeexpensenonoperatingnet": -32197000,
        "incomelossfromcontinuingoperationsbeforeincometaxesminorityinterestandincomelossfromequitymethodinvestments": 271538000,
        "incometaxexpensebenefit": 53472000,
        "incomelossfromcontinuingoperations": 218066000,
        "incomelossfromdiscontinuedoperationsnetoftaxattributabletoreportingentity": -2353000,
        "netincomeloss": 215713000,
        "othercomprehensiveincomelossreclassificationadjustmentfromaocionderivativesnetoftax": -57000,
        "othercomprehensiveincomelossreclassificationadjustmentfromaocipensionandotherpostretirementbenefitplansnetoftax": 286000,
        "othercomprehensiveincomelossnetoftaxportionattributabletoparent": 343000,
        "comprehensiveincomenetoftax": 216056000,
        "incomelossfromcontinuingoperationsperbasicshare": 1.65,
        "incomelossfromdiscontinuedoperationsnetoftaxperbasicshare": -0.02,
        "earningspersharebasic": 1.63,
        "incomelossfromcontinuingoperationsperdilutedshare": 1.63,
        "incomelossfromdiscontinuedoperationsnetoftaxperdilutedshare": -0.01,
        "earningspersharediluted": 1.62,
        "weightedaveragenumberofsharesoutstandingbasic": 132414000,
        "weightedaveragenumberofdilutedsharesoutstanding": 133375000,
        "depreciationdepletionandamortization": 96247000,
        "effectiveincometaxratecontinuingoperations": 0.197
    },
    {
        "date": "2019-06-29",
        "symbol": "VMC",
        "period": "Q2",
        "revenues": 2311777000,
        "costofgoodsandservicessold": 957180000,
        "grossprofit": 553614000,
        "sellinggeneralandadministrativeexpense": 95689000,
        "gainlossondispositionofassets1": 6684000,
        "othercostandexpenseoperating": 2190000,
        "operatingincomeloss": 276074000,
        "othernonoperatingincomeexpense": 5209000,
        "interestincomeexpensenonoperatingnet": -66044000,
        "incomelossfromcontinuingoperationsbeforeincometaxesminorityinterestandincomelossfromequitymethodinvestments": 245505000,
        "incometaxexpensebenefit": 58311000,
        "incomelossfromcontinuingoperations": 197907000,
        "incomelossfromdiscontinuedoperationsnetoftaxattributabletoreportingentity": -349000,
        "netincomeloss": 260802000,
        "othercomprehensiveincomelossreclassificationadjustmentfromaocionderivativesnetoftax": -56000,
        "othercomprehensiveincomelossreclassificationadjustmentfromaocipensionandotherpostretirementbenefitplansnetoftax": 336000,
        "othercomprehensiveincomelossnetoftaxportionattributabletoparent": 392000,
        "comprehensiveincomenetoftax": 197950000,
        "incomelossfromcontinuingoperationsperbasicshare": 1.5,
        "earningspersharebasic": 1.49,
        "incomelossfromcontinuingoperationsperdilutedshare": 1.49,
        "earningspersharediluted": 1.48,
        "weightedaveragenumberofsharesoutstandingbasic": 114000,
        "weightedaveragenumberofdilutedsharesoutstanding": 145000,
        "depreciationdepletionandamortization": 179713000,
        "effectiveincometaxratecontinuingoperations": 0.03900000000000001
    },
    {
        "date": "2019-03-30",
        "symbol": "VMC",
        "period": "Q1",
        "revenues": 12416000,
        "costofgoodsandservicessold": 804836000,
        "grossprofit": 8563000,
        "sellinggeneralandadministrativeexpense": 90268000,
        "gainlossondispositionofassets1": 4064000,
        "othercostandexpenseoperating": 4271000,
        "operatingincomeloss": 104433000,
        "othernonoperatingincomeexpense": 386000,
        "interestincomeexpensenonoperatingnet": 75000,
        "incomelossfromcontinuingoperationsbeforeincometaxesminorityinterestandincomelossfromequitymethodinvestments": 74628000,
        "incometaxexpensebenefit": -20000,
        "incomelossfromcontinuingoperations": 63935000,
        "incomelossfromdiscontinuedoperationsnetoftaxattributabletoreportingentity": -636000,
        "netincomeloss": 55000,
        "othercomprehensiveincomelossreclassificationadjustmentfromaocionderivativesnetoftax": -55000,
        "othercomprehensiveincomelossreclassificationadjustmentfromaocipensionandotherpostretirementbenefitplansnetoftax": 235000,
        "othercomprehensiveincomelossnetoftaxportionattributabletoparent": 290000,
        "comprehensiveincomenetoftax": 63589000,
        "incomelossfromcontinuingoperationsperbasicshare": 0.48,
        "earningspersharebasic": 0.48,
        "incomelossfromcontinuingoperationsperdilutedshare": 0.48,
        "earningspersharediluted": 0.48,
        "weightedaveragenumberofsharesoutstandingbasic": 132043000,
        "weightedaveragenumberofdilutedsharesoutstanding": 133054000,
        "depreciationdepletionandamortization": 2964000,
        "effectiveincometaxratecontinuingoperations": 0.143
    },
    {
        "date": "2018-09-29",
        "symbol": "VMC",
        "period": "Q3",
        "revenues": -1601658000,
        "costofgoodsandservicessold": 897055000,
        "grossprofit": 14587000,
        "sellinggeneralandadministrativeexpense": 81606000,
        "gainlossondispositionofassets1": 2104000,
        "othercostandexpenseoperating": 13853000,
        "operatingincomeloss": 249787000,
        "othernonoperatingincomeexpense": 1477000,
        "interestincomeexpensenonoperatingnet": 72000,
        "incomelossfromcontinuingoperationsbeforeincometaxesminorityinterestandincomelossfromequitymethodinvestments": 220526000,
        "incometaxexpensebenefit": -19000,
        "incomelossfromcontinuingoperations": 179864000,
        "incomelossfromdiscontinuedoperationsnetoftaxattributabletoreportingentity": -712000,
        "netincomeloss": 53000,
        "othercomprehensiveincomelossreclassificationadjustmentfromaocionderivativesnetoftax": -53000,
        "othercomprehensiveincomelossreclassificationadjustmentfromaocipensionandotherpostretirementbenefitplansnetoftax": 1091000,
        "othercomprehensiveincomelossnetoftaxportionattributabletoparent": 53000,
        "comprehensiveincomenetoftax": 180296000,
        "incomelossfromcontinuingoperationsperbasicshare": 1.3600000000000003,
        "earningspersharebasic": 1.3599999999999999,
        "incomelossfromcontinuingoperationsperdilutedshare": 1.35,
        "earningspersharediluted": 1.3399999999999999,
        "weightedaveragenumberofsharesoutstandingbasic": -58000,
        "weightedaveragenumberofdilutedsharesoutstanding": -201000,
        "depreciationdepletionandamortization": 3041000,
        "effectiveincometaxratecontinuingoperations": 0.02100000000000002
    },
    {
        "date": "2018-06-29",
        "symbol": "VMC",
        "period": "Q2",
        "revenues": 956265000,
        "costofgoodsandservicessold": 876966000,
        "grossprofit": 13191000,
        "sellinggeneralandadministrativeexpense": 89043000,
        "gainlossondispositionofassets1": 3341000,
        "othercostandexpenseoperating": 5994000,
        "operatingincomeloss": 230254000,
        "othernonoperatingincomeexpense": 1477000,
        "interestincomeexpensenonoperatingnet": 71000,
        "incomelossfromcontinuingoperationsbeforeincometaxesminorityinterestandincomelossfromequitymethodinvestments": 200348000,
        "incometaxexpensebenefit": -19000,
        "incomelossfromcontinuingoperations": 160302000,
        "incomelossfromdiscontinuedoperationsnetoftaxattributabletoreportingentity": -650000,
        "netincomeloss": 52000,
        "othercomprehensiveincomelosscashflowhedgegainlossbeforereclassificationaftertax": 0,
        "othercomprehensiveincomelossreclassificationadjustmentfromaocionderivativesnetoftax": -52000,
        "othercomprehensiveincomelossreclassificationadjustmentfromaocipensionandotherpostretirementbenefitplansnetoftax": 1092000,
        "othercomprehensiveincomelossnetoftaxportionattributabletoparent": 52000,
        "comprehensiveincomenetoftax": 160796000,
        "incomelossfromcontinuingoperationsperbasicshare": 1.21,
        "earningspersharebasic": 1.2000000000000002,
        "incomelossfromcontinuingoperationsperdilutedshare": 1.19,
        "incomelossfromdiscontinuedoperationsnetoftaxperdilutedshare": 0,
        "earningspersharediluted": 1.19,
        "weightedaveragenumberofsharesoutstandingbasic": -127000,
        "weightedaveragenumberofdilutedsharesoutstanding": -79000,
        "commonstockdividendspersharecashpaid": 0.28,
        "depreciationdepletionandamortization": 3049000,
        "effectiveincometaxratecontinuingoperations": 0.242
    },
    {
        "date": "2018-03-30",
        "symbol": "VMC",
        "period": "Q1",
        "revenues": 699657000,
        "costofgoodsandservicessold": 695140000,
        "grossprofit": 10320000,
        "sellinggeneralandadministrativeexpense": 78340000,
        "gainlossondispositionofassets1": 2929000,
        "othercostandexpenseoperating": 3975000,
        "operatingincomeloss": 81183000,
        "othernonoperatingincomeexpense": 1476000,
        "interestincomeexpensenonoperatingnet": 89000,
        "incomelossfromcontinuingoperationsbeforeincometaxesminorityinterestandincomelossfromequitymethodinvestments": 48492000,
        "incometaxexpensebenefit": -23000,
        "incomelossfromcontinuingoperations": 53395000,
        "incomelossfromdiscontinuedoperationsnetoftaxattributabletoreportingentity": -416000,
        "netincomeloss": 66000,
        "othercomprehensiveincomelosscashflowhedgegainlossbeforereclassificationaftertax": 2496000,
        "othercomprehensiveincomelossreclassificationadjustmentfromaocionderivativesnetoftax": -66000,
        "othercomprehensiveincomelossreclassificationadjustmentfromaocipensionandotherpostretirementbenefitplansnetoftax": 1091000,
        "othercomprehensiveincomelossnetoftaxportionattributabletoparent": 2562000,
        "comprehensiveincomenetoftax": 56632000,
        "incomelossfromcontinuingoperationsperbasicshare": 0.4,
        "earningspersharebasic": 0.4,
        "incomelossfromcontinuingoperationsperdilutedshare": 0.4,
        "incomelossfromdiscontinuedoperationsnetoftaxperdilutedshare": -0.01,
        "earningspersharediluted": 0.39,
        "weightedaveragenumberofsharesoutstandingbasic": 132690000,
        "weightedaveragenumberofdilutedsharesoutstanding": 134359000,
        "commonstockdividendspersharecashpaid": 0.28,
        "depreciationdepletionandamortization": 3414000,
        "effectiveincometaxratecontinuingoperations": -0.101
    },
    {
        "date": "2017-09-29",
        "symbol": "VMC",
        "period": "Q3",
        "salesrevenuenet": 858699000,
        "costofgoodsandservicessold": 576000,
        "grossprofit": 14367000,
        "sellinggeneralandadministrativeexpense": 127000,
        "gainlossondispositionofassets1": 1488000,
        "othercostandexpenseoperating": 4167000,
        "operatingincomeloss": 229487000,
        "othernonoperatingincomeexpense": 1784000,
        "interestincomeexpensenonoperatingnet": 1955000,
        "incomelossfromcontinuingoperationsbeforeincometaxesminorityinterestandincomelossfromequitymethodinvestments": 149230000,
        "incometaxexpensebenefit": -767000,
        "incomelossfromcontinuingoperations": 110150000,
        "incomelossfromdiscontinuedoperationsnetoftaxattributabletoreportingentity": -1571000,
        "netincomeloss": 1188000,
        "othercomprehensiveincomelossreclassificationadjustmentfromaocionderivativesnetoftax": -1188000,
        "othercomprehensiveincomelossreclassificationadjustmentfromaocipensionandotherpostretirementbenefitplansnetoftax": 427000,
        "othercomprehensiveincomelossnetoftaxportionattributabletoparent": 1615000,
        "comprehensiveincomenetoftax": 110194000,
        "incomelossfromcontinuingoperationsperbasicshare": 0.83,
        "incomelossfromdiscontinuedoperationsnetoftaxperbasicshare": -0.01,
        "earningspersharebasic": 0.82,
        "incomelossfromcontinuingoperationsperdilutedshare": 0.82,
        "incomelossfromdiscontinuedoperationsnetoftaxperdilutedshare": -0.01,
        "earningspersharediluted": 0.81,
        "weightedaveragenumberofsharesoutstandingbasic": 132484000,
        "weightedaveragenumberofdilutedsharesoutstanding": 134765000,
        "commonstockdividendspersharecashpaid": 0.25,
        "depreciationdepletionandamortization": 3591000,
        "effectiveincometaxratecontinuingoperations": 0.262
    },
    {
        "date": "2017-06-29",
        "symbol": "VMC",
        "period": "Q2",
        "salesrevenuenet": 817586000,
        "costofgoodsandservicessold": 575000,
        "grossprofit": 9481000,
        "sellinggeneralandadministrativeexpense": 128000,
        "gainlossondispositionofassets1": 2773000,
        "othercostandexpenseoperating": 17768000,
        "operatingincomeloss": 193987000,
        "othernonoperatingincomeexpense": 1869000,
        "interestincomeexpensenonoperatingnet": 539000,
        "incomelossfromcontinuingoperationsbeforeincometaxesminorityinterestandincomelossfromequitymethodinvestments": 157401000,
        "incometaxexpensebenefit": -211000,
        "incomelossfromcontinuingoperations": 111749000,
        "incomelossfromdiscontinuedoperationsnetoftaxattributabletoreportingentity": 8390000,
        "netincomeloss": 328000,
        "othercomprehensiveincomelossreclassificationadjustmentfromaocionderivativesnetoftax": -328000,
        "othercomprehensiveincomelossreclassificationadjustmentfromaocipensionandotherpostretirementbenefitplansnetoftax": 427000,
        "othercomprehensiveincomelossnetoftaxportionattributabletoparent": 755000,
        "comprehensiveincomenetoftax": 120894000,
        "incomelossfromcontinuingoperationsperbasicshare": 0.84,
        "incomelossfromdiscontinuedoperationsnetoftaxperbasicshare": 0.07,
        "earningspersharebasic": 0.91,
        "incomelossfromcontinuingoperationsperdilutedshare": 0.83,
        "incomelossfromdiscontinuedoperationsnetoftaxperdilutedshare": 0.06,
        "earningspersharediluted": 0.89,
        "weightedaveragenumberofsharesoutstandingbasic": 132413000,
        "weightedaveragenumberofdilutedsharesoutstanding": 134735000,
        "commonstockdividendspersharecashpaid": 0.25,
        "depreciationdepletionandamortization": 3672000,
        "effectiveincometaxratecontinuingoperations": 0.29
    },
    {
        "date": "2017-03-30",
        "symbol": "VMC",
        "period": "Q1",
        "salesrevenuenet": 650300000,
        "costofgoodsandservicessold": 570000,
        "grossprofit": 10454000,
        "sellinggeneralandadministrativeexpense": 133000,
        "gainlossondispositionofassets1": 369000,
        "othercostandexpenseoperating": 5828000,
        "operatingincomeloss": 72400000,
        "othernonoperatingincomeexpense": 2024000,
        "interestincomeexpensenonoperatingnet": 528000,
        "incomelossfromcontinuingoperationsbeforeincometaxesminorityinterestandincomelossfromequitymethodinvestments": 40348000,
        "incometaxexpensebenefit": -208000,
        "incomelossfromcontinuingoperations": 43523000,
        "incomelossfromdiscontinuedoperationsnetoftaxattributabletoreportingentity": 1398000,
        "netincomeloss": 320000,
        "othercomprehensiveincomelossreclassificationadjustmentfromaocionderivativesnetoftax": -320000,
        "othercomprehensiveincomelossreclassificationadjustmentfromaocipensionandotherpostretirementbenefitplansnetoftax": 427000,
        "othercomprehensiveincomelossnetoftaxportionattributabletoparent": 320000,
        "comprehensiveincomenetoftax": 45668000,
        "incomelossfromcontinuingoperationsperbasicshare": 0.33,
        "incomelossfromdiscontinuedoperationsnetoftaxperbasicshare": 0.01,
        "earningspersharebasic": 0.34,
        "incomelossfromcontinuingoperationsperdilutedshare": 0.32,
        "incomelossfromdiscontinuedoperationsnetoftaxperdilutedshare": 0.01,
        "earningspersharediluted": 0.33,
        "weightedaveragenumberofsharesoutstandingbasic": 132636000,
        "weightedaveragenumberofdilutedsharesoutstanding": 134968000,
        "commonstockdividendspersharedeclared": 0.25,
        "depreciationdepletionandamortization": -715000,
        "effectiveincometaxratecontinuingoperations": -0.079
    },
    {
        "date": "2016-09-29",
        "symbol": "VMC",
        "period": "Q3",
        "salesrevenuenet": 821809000,
        "costofgoodsandservicessold": -1254567000,
        "grossprofit": 8711000,
        "sellinggeneralandadministrativeexpense": 6000,
        "gainlossondispositionofassets1": 2023000,
        "assetimpairmentcharges": 0,
        "othercostandexpenseoperating": 3535000,
        "operatingincomeloss": 227076000,
        "othernonoperatingincomeexpense": 991000,
        "interestincomeexpensenonoperatingnet": 507000,
        "incomelossfromcontinuingoperationsbeforeincometaxesminorityinterestandincomelossfromequitymethodinvestments": 194940000,
        "incometaxexpensebenefit": -200000,
        "incomelossfromcontinuingoperations": 142878000,
        "incomelossfromdiscontinuedoperationsnetoftaxattributabletoreportingentity": -3113000,
        "netincomeloss": 307000,
        "othercomprehensiveincomelossreclassificationadjustmentfromaocionderivativesnetoftax": -307000,
        "comprehensiveincomenetoftax": 140093000,
        "incomelossfromcontinuingoperationsperbasicshare": 1.0699999999999998,
        "incomelossfromdiscontinuedoperationsnetoftaxperbasicshare": -0.020000000000000004,
        "earningspersharebasic": 1.0499999999999998,
        "incomelossfromcontinuingoperationsperdilutedshare": 1.0500000000000003,
        "incomelossfromdiscontinuedoperationsnetoftaxperdilutedshare": -0.010000000000000004,
        "earningspersharediluted": 1.0399999999999996,
        "weightedaveragenumberofsharesoutstandingbasic": -201000,
        "weightedaveragenumberofdilutedsharesoutstanding": -178000,
        "commonstockdividendspersharedeclared": 0.19999999999999996,
        "depreciationdepletionandamortization": -432000,
        "effectiveincometaxratecontinuingoperations": -0.017000000000000015
    },
    {
        "date": "2016-06-29",
        "symbol": "VMC",
        "period": "Q2",
        "salesrevenuenet": 791497000,
        "costofgoodsandservicessold": 664639000,
        "grossprofit": 6146000,
        "sellinggeneralandadministrativeexpense": 6000,
        "gainlossondispositionofassets1": 356000,
        "assetimpairmentcharges": 860000,
        "restructuringandrelatedcostincurredcost": 0,
        "othercostandexpenseoperating": 6176000,
        "operatingincomeloss": 213786000,
        "othernonoperatingincomeexpense": 28000,
        "interestincomeexpensenonoperatingnet": 496000,
        "incomelossfromcontinuingoperationsbeforeincometaxesminorityinterestandincomelossfromequitymethodinvestments": 180481000,
        "incometaxexpensebenefit": -195000,
        "incomelossfromcontinuingoperations": 126281000,
        "incomelossfromdiscontinuedoperationsnetoftaxattributabletoreportingentity": -2531000,
        "netincomeloss": 301000,
        "othercomprehensiveincomelossreclassificationadjustmentfromaocionderivativesnetoftax": -301000,
        "othercomprehensiveincomelossreclassificationadjustmentfromaocipensionandotherpostretirementbenefitplansfornetgainlossnetoftax": -20000,
        "othercomprehensiveincomelossnetoftax": 301000,
        "comprehensiveincomenetoftax": 124071000,
        "incomelossfromcontinuingoperationsperbasicshare": 0.9500000000000001,
        "incomelossfromdiscontinuedoperationsnetoftaxperbasicshare": -0.019999999999999997,
        "earningspersharebasic": 0.93,
        "incomelossfromcontinuingoperationsperdilutedshare": 0.9400000000000001,
        "incomelossfromdiscontinuedoperationsnetoftaxperdilutedshare": -0.03,
        "earningspersharediluted": 0.91,
        "weightedaveragenumberofsharesoutstandingbasic": -202000,
        "weightedaveragenumberofdilutedsharesoutstanding": -82000,
        "commonstockdividendspersharedeclared": 0.2,
        "depreciationdepletionandamortization": 5074000,
        "effectiveincometaxratecontinuingoperations": -0.017000000000000015
    },
    {
        "date": "2016-03-30",
        "symbol": "VMC",
        "period": "Q1",
        "salesrevenuenet": 634868000,
        "costofgoodsandservicessold": 590010000,
        "grossprofit": 3477000,
        "sellinggeneralandadministrativeexpense": 6000,
        "gainlossondispositionofassets1": 555000,
        "assetimpairmentcharges": 9646000,
        "restructuringandrelatedcostincurredcost": 320000,
        "othercostandexpenseoperating": 13918000,
        "operatingincomeloss": 64921000,
        "othernonoperatingincomeexpense": -694000,
        "interestincomeexpensenonoperatingnet": 487000,
        "incomelossfromcontinuingoperationsbeforeincometaxesminorityinterestandincomelossfromequitymethodinvestments": 30495000,
        "incometaxexpensebenefit": -193000,
        "incomelossfromcontinuingoperations": 20731000,
        "incomelossfromdiscontinuedoperationsnetoftaxattributabletoreportingentity": -1807000,
        "netincomeloss": 294000,
        "othercomprehensiveincomelossreclassificationadjustmentfromaocionderivativesnetoftax": -294000,
        "othercomprehensiveincomelossreclassificationadjustmentfromaocipensionandotherpostretirementbenefitplansfornetgainlossnetoftax": -20000,
        "othercomprehensiveincomelossnetoftax": 294000,
        "comprehensiveincomenetoftax": 19238000,
        "incomelossfromcontinuingoperationsperbasicshare": 0.15,
        "incomelossfromdiscontinuedoperationsnetoftaxperbasicshare": -0.01,
        "earningspersharebasic": 0.14,
        "incomelossfromcontinuingoperationsperdilutedshare": 0.15,
        "incomelossfromdiscontinuedoperationsnetoftaxperdilutedshare": -0.01,
        "earningspersharediluted": 0.14,
        "weightedaveragenumberofsharesoutstandingbasic": 133821000,
        "weightedaveragenumberofdilutedsharesoutstanding": 135452000,
        "commonstockdividendspersharedeclared": 0.2,
        "depreciationdepletionandamortization": 4499000,
        "effectiveincometaxratecontinuingoperations": 0.32
    },
    {
        "date": "2015-09-29",
        "symbol": "VMC",
        "period": "Q3",
        "salesrevenuenet": 88000000,
        "costofgoodsandservicessold": 747170000,
        "grossprofit": 9600000,
        "sellinggeneralandadministrativeexpense": 1136000,
        "gainlossondispositionofassets1": 799000,
        "restructuringandrelatedcostincurredcost": 448000,
        "othercostandexpenseoperating": 8045000,
        "operatingincomeloss": 212206000,
        "othernonoperatingincomeexpense": -2818000,
        "interestincomeexpensenonoperatingnet": 467000,
        "incomelossfromcontinuingoperationsbeforeincometaxesminorityinterestandincomelossfromequitymethodinvestments": 171588000,
        "incometaxexpensebenefit": -185000,
        "incomelossfromcontinuingoperations": 126202000,
        "incomelossfromdiscontinuedoperationsnetoftaxattributabletoreportingentity": -2397000,
        "netincomeloss": 282000,
        "othercomprehensiveincomelossreclassificationadjustmentfromaocionderivativesnetoftax": -282000,
        "othercomprehensiveincomelossreclassificationadjustmentfromaocipensionandotherpostretirementbenefitplansfornetgainlossnetoftax": -3883000,
        "othercomprehensiveincomelossnetoftax": 4165000,
        "comprehensiveincomenetoftax": 127970000,
        "incomelossfromcontinuingoperationsperbasicshare": 0.95,
        "incomelossfromdiscontinuedoperationsnetoftaxperbasicshare": -0.02,
        "earningspersharebasic": 0.93,
        "incomelossfromcontinuingoperationsperdilutedshare": 0.93,
        "incomelossfromdiscontinuedoperationsnetoftaxperdilutedshare": -0.02,
        "earningspersharediluted": 0.91,
        "weightedaveragenumberofsharesoutstandingbasic": 133474000,
        "weightedaveragenumberofdilutedsharesoutstanding": 135558000,
        "commonstockdividendspersharedeclared": 0.1,
        "depreciationdepletionandamortization": 3000000,
        "effectiveincometaxratecontinuingoperations": 0.265
    },
    {
        "date": "2015-06-29",
        "symbol": "VMC",
        "period": "Q2",
        "salesrevenuenet": 78600000,
        "costofgoodsandservicessold": 660694000,
        "grossprofit": 4900000,
        "sellinggeneralandadministrativeexpense": 788000,
        "gainlossondispositionofassets1": 249000,
        "restructuringandrelatedcostincurredcost": 1280000,
        "othercostandexpenseoperating": 10445000,
        "operatingincomeloss": 153776000,
        "othernonoperatingincomeexpense": -439000,
        "interestincomeexpensenonoperatingnet": 5094000,
        "incomelossfromcontinuingoperationsbeforeincometaxesminorityinterestandincomelossfromequitymethodinvestments": 69686000,
        "incometaxexpensebenefit": -2017000,
        "incomelossfromcontinuingoperations": 49819000,
        "incomelossfromdiscontinuedoperationsnetoftaxattributabletoreportingentity": -1657000,
        "netincomeloss": 3077000,
        "othercomprehensiveincomelossreclassificationadjustmentfromaocionderivativesnetoftax": -3077000,
        "othercomprehensiveincomelossreclassificationadjustmentfromaocipensionandotherpostretirementbenefitplansfornetgainlossnetoftax": -2697000,
        "othercomprehensiveincomelossnetoftax": 5774000,
        "comprehensiveincomenetoftax": 53936000,
        "incomelossfromcontinuingoperationsperbasicshare": 0.37,
        "incomelossfromdiscontinuedoperationsnetoftaxperbasicshare": -0.01,
        "earningspersharebasic": 0.36,
        "incomelossfromcontinuingoperationsperdilutedshare": 0.37,
        "incomelossfromdiscontinuedoperationsnetoftaxperdilutedshare": -0.01,
        "earningspersharediluted": 0.36,
        "weightedaveragenumberofsharesoutstandingbasic": 133103000,
        "weightedaveragenumberofdilutedsharesoutstanding": 135234000,
        "commonstockdividendspersharedeclared": 0.1,
        "depreciationdepletionandamortization": 2800000,
        "effectiveincometaxratecontinuingoperations": 0.285
    },
    {
        "date": "2015-03-30",
        "symbol": "VMC",
        "period": "Q1",
        "salesrevenuenet": 59800000,
        "costofgoodsandservicessold": 553428000,
        "grossprofit": 800000,
        "sellinggeneralandadministrativeexpense": 872000,
        "gainlossondispositionofassets1": 5886000,
        "restructuringandrelatedcostincurredcost": 2818000,
        "othercostandexpenseoperating": 3900000,
        "operatingincomeloss": 10759000,
        "othernonoperatingincomeexpense": 979000,
        "interestincomeexpensenonoperatingnet": 3721000,
        "incomelossfromcontinuingoperationsbeforeincometaxesminorityinterestandincomelossfromequitymethodinvestments": -50742000,
        "incometaxexpensebenefit": -1473000,
        "incomelossfromcontinuingoperations": -36667000,
        "incomelossfromdiscontinuedoperationsnetoftaxattributabletoreportingentity": -3011000,
        "netincomeloss": 2248000,
        "othercomprehensiveincomelossreclassificationadjustmentfromaocionderivativesnetoftax": -2248000,
        "othercomprehensiveincomelossreclassificationadjustmentfromaocipensionandotherpostretirementbenefitplansfornetgainlossnetoftax": -2681000,
        "othercomprehensiveincomelossnetoftax": 2248000,
        "comprehensiveincomenetoftax": -34749000,
        "incomelossfromcontinuingoperationsperbasicshare": -0.28,
        "incomelossfromdiscontinuedoperationsnetoftaxperbasicshare": -0.02,
        "earningspersharebasic": -0.3,
        "incomelossfromcontinuingoperationsperdilutedshare": -0.28,
        "incomelossfromdiscontinuedoperationsnetoftaxperdilutedshare": -0.02,
        "earningspersharediluted": -0.3,
        "weightedaveragenumberofsharesoutstandingbasic": 132659000,
        "weightedaveragenumberofdilutedsharesoutstanding": 132659000,
        "commonstockdividendspersharedeclared": 0.1,
        "depreciationdepletionandamortization": 2700000,
        "effectiveincometaxratecontinuingoperations": 0.277
    },
    {
        "date": "2014-09-29",
        "symbol": "VMC",
        "period": "Q3",
        "salesrevenuegoodsnet": 1844721000,
        "shippingandhandlingrevenue": 143843000,
        "salesrevenuenet": -1342963000,
        "costofgoodssold": 1465000,
        "costofgoodsandservicessold": 664538000,
        "grossprofit": 8000000,
        "sellinggeneralandadministrativeexpense": 362000,
        "othercostandexpenseoperating": 2887000,
        "operatingincomeloss": 140330000,
        "othernonoperatingincomeexpense": -592000,
        "interestincomeexpensenonoperatingnet": 989000,
        "incomelossfromcontinuingoperationsbeforeincometaxesminorityinterestandincomelossfromequitymethodinvestments": 98846000,
        "incometaxexpensebenefit": -391000,
        "incomelossfromcontinuingoperations": 67781000,
        "incomelossfromdiscontinuedoperationsnetoftaxattributabletoreportingentity": -842000,
        "netincomeloss": 598000,
        "othercomprehensiveincomelossreclassificationadjustmentfromaocionderivativesnetoftax": -598000,
        "othercomprehensiveincomelosspensionandotherpostretirementbenefitplansadjustmentbeforereclassificationadjustmentsnetoftax": 0,
        "othercomprehensiveincomelossreclassificationadjustmentfromaocipensionandotherpostretirementbenefitplansfornetgainlossnetoftax": -1114000,
        "othercomprehensiveincomelossnetoftax": 598000,
        "comprehensiveincomenetoftax": 68651000,
        "incomelossfromcontinuingoperationsperbasicshare": 0.52,
        "earningspersharebasic": 0.51,
        "incomelossfromcontinuingoperationsperdilutedshare": 0.51,
        "earningspersharediluted": 0.51,
        "weightedaveragenumberofsharesoutstandingbasic": 276000,
        "weightedaveragenumberofdilutedsharesoutstanding": 291000,
        "commonstockdividendspersharedeclared": 0.06,
        "depreciationdepletionandamortization": 4300000,
        "effectiveincometaxratecontinuingoperations": 0.01100000000000001
    },
    {
        "date": "2014-06-29",
        "symbol": "VMC",
        "period": "Q2",
        "salesrevenuegoodsnet": 93800000,
        "shippingandhandlingrevenue": 34854000,
        "salesrevenuenet": 791143000,
        "costofgoodssold": 1446000,
        "shippinghandlingandtransportationcosts": 34854000,
        "costofgoodsandservicessold": 616354000,
        "grossprofit": 3200000,
        "sellinggeneralandadministrativeexpense": 382000,
        "gainlossondispositionofassets1": 0,
        "othercostandexpenseoperating": 5090000,
        "operatingincomeloss": 103247000,
        "othernonoperatingincomeexpense": 1797000,
        "interestincomeexpensenonoperatingnet": 125992000,
        "incomelossfromcontinuingoperationsbeforeincometaxesminorityinterestandincomelossfromequitymethodinvestments": 64494000,
        "incometaxexpensebenefit": -4283000,
        "incomelossfromcontinuingoperations": 46512000,
        "incomelossfromdiscontinuedoperationsnetoftaxattributabletoreportingentity": -544000,
        "netincomeloss": 584000,
        "othercomprehensiveincomelossreclassificationadjustmentfromaocionderivativesnetoftax": -584000,
        "othercomprehensiveincomelosspensionandotherpostretirementbenefitplansadjustmentbeforereclassificationadjustmentsnetoftax": -1000,
        "othercomprehensiveincomelossreclassificationadjustmentfromaocipensionandotherpostretirementbenefitplansfornetgainlossnetoftax": -1114000,
        "othercomprehensiveincomelossnetoftax": 584000,
        "comprehensiveincomenetoftax": 47667000,
        "incomelossfromcontinuingoperationsperbasicshare": 0.35000000000000003,
        "incomelossfromdiscontinuedoperationsnetoftaxperbasicshare": 0,
        "earningspersharebasic": 0.35000000000000003,
        "incomelossfromcontinuingoperationsperdilutedshare": 0.35000000000000003,
        "earningspersharediluted": 0.34,
        "weightedaveragenumberofsharesoutstandingbasic": 170000,
        "weightedaveragenumberofdilutedsharesoutstanding": 154000,
        "commonstockdividendspersharedeclared": 0.05,
        "depreciationdepletionandamortization": 4800000,
        "effectiveincometaxratecontinuingoperations": -0.008000000000000007
    },
    {
        "date": "2014-03-30",
        "symbol": "VMC",
        "period": "Q1",
        "salesrevenuegoodsnet": 96000000,
        "shippingandhandlingrevenue": 25924000,
        "salesrevenuenet": 574420000,
        "costofgoodssold": -1587000,
        "shippinghandlingandtransportationcosts": 25924000,
        "costofgoodsandservicessold": 540328000,
        "grossprofit": -9200000,
        "sellinggeneralandadministrativeexpense": -418000,
        "gainlossondispositionofassets1": 168000,
        "othercostandexpenseoperating": 9668000,
        "operatingincomeloss": 194669000,
        "othernonoperatingincomeexpense": 2825000,
        "interestincomeexpensenonoperatingnet": -120089000,
        "incomelossfromcontinuingoperationsbeforeincometaxesminorityinterestandincomelossfromequitymethodinvestments": 77405000,
        "incometaxexpensebenefit": 1949000,
        "incomelossfromcontinuingoperations": 54505000,
        "incomelossfromdiscontinuedoperationsnetoftaxattributabletoreportingentity": -510000,
        "netincomeloss": 2985000,
        "othercomprehensiveincomelossreclassificationadjustmentfromaocionderivativesnetoftax": -2985000,
        "othercomprehensiveincomelosspensionandotherpostretirementbenefitplansadjustmentbeforereclassificationadjustmentsnetoftax": -2942000,
        "othercomprehensiveincomelossreclassificationadjustmentfromaocipensionandotherpostretirementbenefitplansfornetgainlossnetoftax": 1222000,
        "othercomprehensiveincomelossnetoftax": 2985000,
        "comprehensiveincomenetoftax": 58700000,
        "incomelossfromcontinuingoperationsperbasicshare": 0.42,
        "incomelossfromdiscontinuedoperationsnetoftaxperbasicshare": -0.01,
        "earningspersharebasic": 0.41,
        "incomelossfromcontinuingoperationsperdilutedshare": 0.41,
        "earningspersharediluted": 0.41,
        "weightedaveragenumberofsharesoutstandingbasic": 130810000,
        "weightedaveragenumberofdilutedsharesoutstanding": 132314000,
        "commonstockdividendspersharedeclared": 0.05,
        "depreciationdepletionandamortization": 6000000,
        "effectiveincometaxratecontinuingoperations": 0.296
    },
    {
        "date": "2013-09-29",
        "symbol": "VMC",
        "period": "Q3",
        "salesrevenuegoodsnet": 129700000,
        "shippingandhandlingrevenue": 38386000,
        "salesrevenuenet": 813568000,
        "costofgoodssold": -2827000,
        "shippinghandlingandtransportationcosts": 38386000,
        "costofgoodsandservicessold": 654585000,
        "grossprofit": -3900000,
        "sellinggeneralandadministrativeexpense": -644000,
        "gainlossondispositionofassets": 9349000,
        "othercostandexpenseoperating": 2711000,
        "operatingincomeloss": 99767000,
        "othernonoperatingincomeexpense": 2310000,
        "interestincomeexpensenonoperatingnet": -49134000,
        "incomelossfromcontinuingoperationsbeforeincometaxesminorityinterestandincomelossfromequitymethodinvestments": 52943000,
        "incometaxexpensebenefit": 1360000,
        "incomelossfromcontinuingoperations": 42151000,
        "incomelossfromdiscontinuedoperationsnetoftaxattributabletoreportingentity": -787000,
        "netincomeloss": 2111000,
        "othercomprehensiveincomelossnetoftax": 679000,
        "comprehensiveincomenetoftax": 44154000,
        "incomelossfromcontinuingoperationsperbasicshare": 0.32,
        "incomelossfromdiscontinuedoperationsnetoftaxperbasicshare": 0,
        "earningspersharebasic": 0.32,
        "incomelossfromcontinuingoperationsperdilutedshare": 0.32,
        "incomelossfromdiscontinuedoperationsnetoftaxperdilutedshare": 0,
        "earningspersharediluted": 0.32,
        "weightedaveragenumberofsharesoutstandingbasic": 15000,
        "weightedaveragenumberofdilutedsharesoutstanding": 1149000,
        "commonstockdividendspersharedeclared": 0.009999999999999997,
        "depreciationdepletionandamortization": 5600000,
        "effectiveincometaxratecontinuingoperations": 1.4420000000000002
    },
    {
        "date": "2013-06-29",
        "symbol": "VMC",
        "period": "Q2",
        "salesrevenuegoodsnet": 152900000,
        "shippingandhandlingrevenue": 42655000,
        "salesrevenuenet": 738733000,
        "costofgoodssold": -4553000,
        "shippinghandlingandtransportationcosts": 42655000,
        "costofgoodsandservicessold": 605838000,
        "grossprofit": -17800000,
        "sellinggeneralandadministrativeexpense": -1089000,
        "gainlossondispositionofassets": 23410000,
        "restructuringandrelatedcostincurredcost": 0,
        "unsolicitedtenderoffercosts": 0,
        "othercostandexpenseoperating": 4537000,
        "operatingincomeloss": 86866000,
        "othernonoperatingincomeexpense": 285000,
        "interestincomeexpensenonoperatingnet": -50871000,
        "incomelossfromcontinuingoperationsbeforeincometaxesminorityinterestandincomelossfromequitymethodinvestments": 36280000,
        "incometaxexpensebenefit": 2211000,
        "incomelossfromcontinuingoperations": 30128000,
        "incomelossfromdiscontinuedoperationsnetoftaxattributabletoreportingentity": -1356000,
        "netincomeloss": 2577000,
        "othercomprehensiveincomelossnetoftax": -2597000,
        "comprehensiveincomenetoftax": 93337000,
        "incomelossfromcontinuingoperationsperbasicshare": 0.22999999999999998,
        "incomelossfromdiscontinuedoperationsnetoftaxperbasicshare": -0.010000000000000002,
        "earningspersharebasic": 0.21999999999999997,
        "incomelossfromcontinuingoperationsperdilutedshare": 0.22999999999999998,
        "incomelossfromdiscontinuedoperationsnetoftaxperdilutedshare": -0.010000000000000002,
        "earningspersharediluted": 0.21999999999999997,
        "weightedaveragenumberofsharesoutstandingbasic": 33000,
        "weightedaveragenumberofdilutedsharesoutstanding": 33000,
        "commonstockdividendspersharedeclared": 0.01,
        "depreciationdepletionandamortization": 5600000,
        "effectiveincometaxratecontinuingoperations": 0.123
    },
    {
        "date": "2013-03-30",
        "symbol": "VMC",
        "period": "Q1",
        "salesrevenuegoodsnet": 67300000,
        "shippingandhandlingrevenue": 33608000,
        "salesrevenuenet": 538162000,
        "costofgoodssold": -4457000,
        "shippinghandlingandtransportationcosts": 33608000,
        "costofgoodsandservicessold": 520507000,
        "grossprofit": 1900000,
        "sellinggeneralandadministrativeexpense": -1185000,
        "gainlossondispositionofassets": 4110000,
        "restructuringandrelatedcostincurredcost": 1509000,
        "unsolicitedtenderoffercosts": 45607000,
        "othercostandexpenseoperating": 5659000,
        "operatingincomeloss": -50058000,
        "othernonoperatingincomeexpense": 2373000,
        "interestincomeexpensenonoperatingnet": -52752000,
        "incomelossfromcontinuingoperationsbeforeincometaxesminorityinterestandincomelossfromequitymethodinvestments": -100437000,
        "incometaxexpensebenefit": 2210000,
        "incomelossfromcontinuingoperations": -61619000,
        "incomelossfromdiscontinuedoperationsnetoftaxattributabletoreportingentity": 6783000,
        "netincomeloss": 4286000,
        "othercomprehensiveincomelossreclassificationadjustmentonderivativesincludedinnetincomenetoftax": 854000,
        "othercomprehensiveincomereclassificationofdefinedbenefitplansnetgainlossrecognizedinnetperiodicbenefitcostnetoftax": 3432000,
        "othercomprehensiveincomelossnetoftax": 4286000,
        "comprehensiveincomenetoftax": -50550000,
        "incomelossfromcontinuingoperationsperbasicshare": -0.47,
        "incomelossfromdiscontinuedoperationsnetoftaxperbasicshare": 0.05,
        "earningspersharebasic": -0.42,
        "incomelossfromcontinuingoperationsperdilutedshare": -0.47,
        "incomelossfromdiscontinuedoperationsnetoftaxperdilutedshare": 0.05,
        "earningspersharediluted": -0.42,
        "weightedaveragenumberofsharesoutstandingbasic": 130186000,
        "weightedaveragenumberofdilutedsharesoutstanding": 130186000,
        "commonstockdividendspersharedeclared": 0.01,
        "depreciationdepletionandamortization": 5800000,
        "effectiveincometaxratecontinuingoperations": 0.386
    },
    {
        "date": "2012-09-29",
        "symbol": "VMC",
        "period": "Q3",
        "salesrevenuegoodsnet": 108700000,
        "shippingandhandlingrevenue": 41245000,
        "salesrevenuenet": 728861000,
        "costofgoodssold": 560693000,
        "shippinghandlingandtransportationcosts": 41245000,
        "costofgoodsandservicessold": 601938000,
        "grossprofit": -8600000,
        "sellinggeneralandadministrativeexpense": 65441000,
        "gainlossondispositionofassets": 2009000,
        "unsolicitedtenderoffercosts": 1206000,
        "othercostandexpenseoperating": 1952000,
        "operatingincomeloss": 55866000,
        "othernonoperatingincomeexpense": 1807000,
        "interestexpense": 53044000,
        "incomelossfromcontinuingoperationsbeforeincometaxesminorityinterestandincomelossfromequitymethodinvestments": 4629000,
        "incometaxexpensebenefit": -10992000,
        "incomelossfromcontinuingoperations": 15621000,
        "incomelossfromdiscontinuedoperationsnetoftaxattributabletoreportingentity": -1361000,
        "netincomeloss": 14260000,
        "comprehensiveincomenetoftax": 18319000,
        "incomelossfromcontinuingoperationsperbasicshare": 0.12,
        "incomelossfromdiscontinuedoperationsnetoftaxperbasicshare": -0.010000000000000002,
        "earningspersharebasic": 0.11000000000000004,
        "incomelossfromcontinuingoperationsperdilutedshare": 0.12,
        "incomelossfromdiscontinuedoperationsnetoftaxperdilutedshare": -0.010000000000000002,
        "earningspersharediluted": 0.11000000000000004,
        "weightedaveragenumberofsharesoutstandingbasic": -129595000,
        "weightedaveragenumberofdilutedsharesoutstanding": -129595000,
        "commonstockdividendspersharedeclared": 0.009999999999999997,
        "depreciationdepletionandamortization": 11400000,
        "effectiveincometaxratecontinuingoperations": -0.378
    },
    {
        "date": "2012-06-29",
        "symbol": "VMC",
        "period": "Q2",
        "salesrevenuegoodsnet": 102600000,
        "shippingandhandlingrevenue": 45246000,
        "salesrevenuenet": 694136000,
        "costofgoodssold": 542951000,
        "shippinghandlingandtransportationcosts": 45246000,
        "costofgoodsandservicessold": 588197000,
        "grossprofit": -9000000,
        "sellinggeneralandadministrativeexpense": 61914000,
        "gainlossondispositionofassets": 13152000,
        "restructuringandrelatedcostincurredcost": 4551000,
        "unsolicitedtenderoffercosts": 32060000,
        "othercostandexpenseoperating": 904000,
        "operatingincomeloss": 19662000,
        "othernonoperatingincomeexpense": -709000,
        "interestexpense": 53687000,
        "incomelossfromcontinuingoperationsbeforeincometaxesminorityinterestandincomelossfromequitymethodinvestments": -34734000,
        "incometaxexpensebenefit": -17749000,
        "incomelossfromcontinuingoperations": -16985000,
        "incomelossfromdiscontinuedoperationsnetoftaxattributabletoreportingentity": -1298000,
        "netincomeloss": -18283000,
        "othercomprehensiveincomelossreclassificationadjustmentonderivativesincludedinnetincomenetoftax": 955000,
        "othercomprehensiveincomelossamortizationpensionandotherpostretirementbenefitplansnetpriorservicecostrecognizedinnetperiodicpensioncostnetoftax": -3084000,
        "othercomprehensiveincomelossnetoftax": 4039000,
        "comprehensiveincomenetoftax": -14244000,
        "incomelossfromcontinuingoperationsperbasicshare": -0.13,
        "incomelossfromdiscontinuedoperationsnetoftaxperbasicshare": -0.01,
        "earningspersharebasic": -0.14,
        "incomelossfromcontinuingoperationsperdilutedshare": -0.13,
        "incomelossfromdiscontinuedoperationsnetoftaxperdilutedshare": -0.01,
        "earningspersharediluted": -0.14,
        "weightedaveragenumberofsharesoutstandingbasic": 129676000,
        "weightedaveragenumberofdilutedsharesoutstanding": 129676000,
        "commonstockdividendspersharedeclared": 0.01,
        "depreciationdepletionandamortization": 11400000,
        "effectiveincometaxratecontinuingoperations": 0.511
    },
    {
        "date": "2012-03-30",
        "symbol": "VMC",
        "period": "Q1",
        "salesrevenuegoodsnet": 92000000,
        "shippingandhandlingrevenue": 36031000,
        "salesrevenuenet": 535882000,
        "costofgoodssold": 477893000,
        "shippinghandlingandtransportationcosts": 36031000,
        "costofgoodsandservicessold": 513924000,
        "grossprofit": -12300000,
        "sellinggeneralandadministrativeexpense": 64912000,
        "gainlossondispositionofassets": 6526000,
        "unsolicitedtenderoffercosts": 10065000,
        "othercostandexpenseoperating": -214000,
        "operatingincomeloss": -46279000,
        "othernonoperatingincomeexpense": 3098000,
        "interestexpense": 52266000,
        "incomelossfromcontinuingoperationsbeforeincometaxesminorityinterestandincomelossfromequitymethodinvestments": -95447000,
        "incometaxexpensebenefit": -38397000,
        "incomelossfromcontinuingoperations": -57050000,
        "incomelossfromdiscontinuedoperationsnetoftaxattributabletoreportingentity": 4997000,
        "netincomeloss": -52053000,
        "othercomprehensiveincomereclassificationadjustmentonderivativesincludedinnetincomenetoftax": -938000,
        "othercomprehensiveincomeamortizationofdefinedbenefitplannetpriorservicecostrecognizedinnetperiodicpensioncostnetoftax": 3084000,
        "othercomprehensiveincomelossnetoftaxperiodincreasedecrease": 4022000,
        "comprehensiveincomenetoftax": -48031000,
        "incomelossfromcontinuingoperationsperbasicshare": -0.44,
        "incomelossfromdiscontinuedoperationsnetoftaxperbasicshare": 0.04,
        "earningspersharebasic": -0.4,
        "incomelossfromcontinuingoperationsperdilutedshare": -0.44,
        "incomelossfromdiscontinuedoperationsnetoftaxperdilutedshare": 0.04,
        "earningspersharediluted": -0.4,
        "weightedaveragenumberofsharesoutstandingbasic": 129593000,
        "weightedaveragenumberofdilutedsharesoutstanding": 129593000,
        "commonstockdividendspersharedeclared": 0.01,
        "depreciationdepletionandamortization": 12100000,
        "effectiveincometaxratecontinuingoperations": 0.402
    },
    {
        "date": "2011-09-29",
        "symbol": "VMC",
        "period": "Q3",
        "salesrevenuegoodsnet": 101400000,
        "shippingandhandlingrevenue": 45805000,
        "salesrevenuenet": 760752000,
        "costofgoodssold": 599167000,
        "shippinghandlingandtransportationcosts": 45805000,
        "costofgoodsandservicessold": 644972000,
        "grossprofit": -8900000,
        "sellinggeneralandadministrativeexpense": 67859000,
        "gainlossondispositionofassets": 41457000,
        "gainlossrelatedtolitigationsettlement": 20857000,
        "otheroperatingincome": -3567000,
        "operatingincomeloss": 106668000,
        "othernonoperatingincomeexpense": -3745000,
        "interestexpense": 50678000,
        "incomelossfromcontinuingoperationsbeforeincometaxesminorityinterestandincomelossfromequitymethodinvestments": 52245000,
        "incometaxexpensebenefit": 29833000,
        "incomelossfromcontinuingoperations": 22412000,
        "incomelossfromdiscontinuedoperationsnetoftaxattributabletoreportingentity": -2453000,
        "netincomeloss": 19959000,
        "othercomprehensiveincomereclassificationadjustmentonderivativesincludedinnetincomenetoftax": -900000,
        "othercomprehensiveincomeamortizationofdefinedbenefitplannetpriorservicecostrecognizedinnetperiodicpensioncostnetoftax": 1885000,
        "othercomprehensiveincomelossnetoftaxperiodincreasedecrease": 2785000,
        "comprehensiveincomenetoftax": 22744000,
        "incomelossfromcontinuingoperationsperbasicshare": 0.17,
        "incomelossfromdiscontinuedoperationsnetoftaxperbasicshare": -0.02,
        "earningspersharebasic": 0.15,
        "incomelossfromcontinuingoperationsperdilutedshare": 0.17,
        "incomelossfromdiscontinuedoperationsnetoftaxperdilutedshare": -0.02,
        "earningspersharediluted": 0.15,
        "weightedaveragenumberofsharesoutstandingbasic": 129493000,
        "weightedaveragenumberofdilutedsharesoutstanding": 129768000,
        "commonstockdividendspersharedeclared": 0.25,
        "depreciationdepletionandamortization": 13100000,
        "effectiveincometaxratecontinuingoperations": 0.571
    },
    {
        "date": "2011-06-29",
        "symbol": "VMC",
        "period": "Q2",
        "salesrevenuegoodsnet": -284700000,
        "shippingandhandlingrevenue": 44514000,
        "salesrevenuenet": 701971000,
        "costofgoodssold": 556617000,
        "shippinghandlingandtransportationcosts": 44514000,
        "costofgoodsandservicessold": 601131000,
        "grossprofit": -4400000,
        "sellinggeneralandadministrativeexpense": 75892000,
        "gainlossondispositionofassets": 2919000,
        "gainlossrelatedtolitigationsettlement": 0,
        "otheroperatingincome": -4378000,
        "operatingincomeloss": 23489000,
        "othernonoperatingincomeexpense": -21000,
        "interestexpense": 70911000,
        "incomelossfromcontinuingoperationsbeforeincometaxesminorityinterestandincomelossfromequitymethodinvestments": -47443000,
        "incometaxexpensebenefit": -40341000,
        "incomelossfromcontinuingoperations": -7102000,
        "incomelossfromdiscontinuedoperationsnetoftaxattributabletoreportingentity": -1037000,
        "netincomeloss": -8139000,
        "othercomprehensiveincomereclassificationadjustmentonderivativesincludedinnetincomenetoftax": -4003000,
        "othercomprehensiveincomeamortizationofdefinedbenefitplannetpriorservicecostrecognizedinnetperiodicpensioncostnetoftax": 1941000,
        "othercomprehensiveincomelossnetoftaxperiodincreasedecrease": 5944000,
        "comprehensiveincomenetoftax": -2195000,
        "incomelossfromcontinuingoperationsperbasicshare": -0.050000000000000044,
        "incomelossfromdiscontinuedoperationsnetoftaxperbasicshare": -0.020000000000000004,
        "earningspersharebasic": -0.07,
        "incomelossfromcontinuingoperationsperdilutedshare": -0.050000000000000044,
        "incomelossfromdiscontinuedoperationsnetoftaxperdilutedshare": -0.020000000000000004,
        "earningspersharediluted": -0.07,
        "weightedaveragenumberofsharesoutstandingbasic": 185000,
        "weightedaveragenumberofdilutedsharesoutstanding": 185000,
        "commonstockdividendspersharedeclared": 0.25,
        "depreciationdepletionandamortization": 139200000,
        "effectiveincometaxratecontinuingoperations": 0.15300000000000002
    },
    {
        "date": "2011-03-30",
        "symbol": "VMC",
        "period": "Q1",
        "salesrevenuegoodsnet": 301800000,
        "shippingandhandlingrevenue": 30884000,
        "salesrevenuenet": 487200000,
        "costofgoodssold": 463422000,
        "shippinghandlingandtransportationcosts": 30884000,
        "costofgoodsandservicessold": 494306000,
        "grossprofit": -200000,
        "sellinggeneralandadministrativeexpense": 77516000,
        "gainlossondispositionofassets": 454000,
        "gainlossrelatedtolitigationsettlement": 25546000,
        "otheroperatingincome": -2562000,
        "operatingincomeloss": -61184000,
        "othernonoperatingincomeexpense": 1382000,
        "interestexpense": 42250000,
        "incomelossfromcontinuingoperationsbeforeincometaxesminorityinterestandincomelossfromequitymethodinvestments": -102052000,
        "incometaxexpensebenefit": -37430000,
        "incomelossfromcontinuingoperations": -64622000,
        "incomelossfromdiscontinuedoperationsnetoftaxattributabletoreportingentity": 9889000,
        "netincomeloss": -54733000,
        "othercomprehensiveincomereclassificationadjustmentonderivativesincludedinnetincomenetoftax": -1450000,
        "othercomprehensiveincomeamortizationofdefinedbenefitplannetpriorservicecostrecognizedinnetperiodicpensioncostnetoftax": 2217000,
        "othercomprehensiveincomelossnetoftaxperiodincreasedecrease": 3667000,
        "comprehensiveincomenetoftax": -51066000,
        "incomelossfromcontinuingoperationsperbasicshare": -0.5,
        "incomelossfromdiscontinuedoperationsnetoftaxperbasicshare": 0.08,
        "earningspersharebasic": -0.42,
        "incomelossfromcontinuingoperationsperdilutedshare": -0.5,
        "incomelossfromdiscontinuedoperationsnetoftaxperdilutedshare": 0.08,
        "earningspersharediluted": -0.42,
        "weightedaveragenumberofsharesoutstandingbasic": 129078000,
        "weightedaveragenumberofdilutedsharesoutstanding": 129078000,
        "commonstockdividendspersharedeclared": 0.25,
        "depreciationdepletionandamortization": 2000000,
        "effectiveincometaxratecontinuingoperations": 0.367
    },
    {
        "date": "2010-09-29",
        "symbol": "VMC",
        "period": "Q3",
        "salesrevenuegoodsnet": 699793000,
        "shippingandhandlingrevenue": 43410000,
        "salesrevenuenet": 743203000,
        "costofgoodssold": 573046000,
        "shippinghandlingandtransportationcosts": 43410000,
        "costofgoodsandservicessold": 616456000,
        "grossprofit": 126747000,
        "sellinggeneralandadministrativeexpense": 77560000,
        "operatingincomeloss": 50432000,
        "othernonoperatingincomeexpense": 1635000,
        "interestexpense": 46554000,
        "incomelossfromcontinuingoperationsbeforeincometaxesminorityinterestandincomelossfromequitymethodinvestments": 4543000,
        "incometaxexpensebenefit": -6048000,
        "incomelossfromcontinuingoperations": 10591000,
        "incomelossfromdiscontinuedoperationsnetoftaxattributabletoreportingentity": 2655000,
        "netincomeloss": 13246000,
        "incomelossfromcontinuingoperationsperbasicshare": 0.08999999999999997,
        "incomelossfromdiscontinuedoperationsnetoftaxperbasicshare": 0.020000000000000004,
        "earningspersharebasic": 0.10999999999999999,
        "incomelossfromcontinuingoperationsperdilutedshare": 0.08999999999999997,
        "incomelossfromdiscontinuedoperationsnetoftaxperdilutedshare": 0.020000000000000004,
        "earningspersharediluted": 0.10999999999999999,
        "weightedaveragenumberofsharesoutstandingbasic": -127020000,
        "weightedaveragenumberofdilutedsharesoutstanding": -127020000,
        "commonstockdividendspersharedeclared": 0.25,
        "effectiveincometaxratecontinuingoperations": -0.39799999999999996
    },
    {
        "date": "2010-06-29",
        "symbol": "VMC",
        "period": "Q2",
        "salesrevenuegoodsnet": 692758000,
        "shippingandhandlingrevenue": 43394000,
        "salesrevenuenet": 736152000,
        "costofgoodssold": 570423000,
        "shippinghandlingandtransportationcosts": 43394000,
        "costofgoodsandservicessold": 613817000,
        "grossprofit": 122335000,
        "sellinggeneralandadministrativeexpense": 83376000,
        "gainonsaleofpropertyplantandequipmentandbusinessesnet": 1362000,
        "gainlossrelatedtolitigationsettlement": -40000000,
        "otheroperatingincomeexpensenet": 889000,
        "operatingincomeloss": 1210000,
        "othernonoperatingincomeexpense": -1233000,
        "investmentincomeinterest": 481000,
        "interestexpense": 44204000,
        "incomelossfromcontinuingoperationsbeforeincometaxesminorityinterestandincomelossfromequitymethodinvestments": -43746000,
        "incometaxexpensebenefit": -21231000,
        "incomelossfromcontinuingoperations": -22515000,
        "incomelossfromdiscontinuedoperationsnetoftaxattributabletoreportingentity": -1477000,
        "netincomeloss": -23992000,
        "incomelossfromcontinuingoperationsperbasicshare": -0.18,
        "incomelossfromdiscontinuedoperationsnetoftaxperbasicshare": -0.01,
        "earningspersharebasic": -0.19,
        "incomelossfromcontinuingoperationsperdilutedshare": -0.18,
        "incomelossfromdiscontinuedoperationsnetoftaxperdilutedshare": -0.01,
        "earningspersharediluted": -0.19,
        "weightedaveragenumberofsharesoutstandingbasic": 128168000,
        "weightedaveragenumberofdilutedsharesoutstanding": 128168000,
        "commonstockdividendspersharedeclared": 0.25,
        "depreciationdepletionandamortization": 97280000,
        "effectiveincometaxratecontinuingoperations": 0.485
    },
    {
        "date": "2010-03-30",
        "symbol": "VMC",
        "period": "Q1",
        "salesrevenuegoodsnet": 464534000,
        "shippingandhandlingrevenue": 28730000,
        "salesrevenuenet": 493264000,
        "costofgoodssold": 463640000,
        "shippinghandlingandtransportationcosts": 28730000,
        "costofgoodsandservicessold": 492370000,
        "grossprofit": 894000,
        "sellinggeneralandadministrativeexpense": 86495000,
        "gainonsaleofpropertyplantandequipmentandbusinessesnet": 48371000,
        "otheroperatingincomeexpensenet": 460000,
        "operatingincomeloss": -36770000,
        "othernonoperatingincomeexpense": 1378000,
        "investmentincomeinterest": 489000,
        "interestexpense": 43783000,
        "incomelossfromcontinuingoperationsbeforeincometaxesminorityinterestandincomelossfromequitymethodinvestments": -78686000,
        "incometaxexpensebenefit": -34212000,
        "incomelossfromcontinuingoperations": -44474000,
        "incomelossfromdiscontinuedoperationsnetoftaxattributabletoreportingentity": 5727000,
        "netincomeloss": -38747000,
        "incomelossfromcontinuingoperationsperbasicshare": -0.35,
        "incomelossfromdiscontinuedoperationsnetoftaxperbasicshare": 0.04,
        "earningspersharebasic": -0.31,
        "incomelossfromcontinuingoperationsperdilutedshare": -0.35,
        "incomelossfromdiscontinuedoperationsnetoftaxperdilutedshare": 0.04,
        "earningspersharediluted": -0.31,
        "weightedaveragenumberofsharesoutstandingbasic": 126692000,
        "weightedaveragenumberofdilutedsharesoutstanding": 126692000,
        "commonstockdividendspersharedeclared": 0.25,
        "depreciationandamortization": 94197000,
        "effectiveincometaxratecontinuingoperations": 0.435
    },
    {
        "date": "2009-09-29",
        "symbol": "VMC",
        "period": "Q3",
        "salesrevenuegoodsnet": 738664000,
        "shippingandhandlingrevenue": 39528000,
        "revenues": 778192000,
        "costofgoodssold": 584184000,
        "shippinghandlingandtransportationcosts": 39528000,
        "costofrevenue": 623712000,
        "grossprofit": 154480000,
        "sellinggeneralandadministrativeexpense": 79558000,
        "gainonsaleofpropertyplantequipmentandbusinessesnet": -7496000,
        "otheroperatingincome": 286000,
        "operatingincomeloss": 82704000,
        "othernonoperatingincomeexpense": 2756000,
        "investmentincomeinterest": 433000,
        "interestexpense": 43952000,
        "incomelossfromcontinuingoperationsbeforeincometaxesminorityinterestandincomelossfromequitymethodinvestments": 41941000,
        "incometaxexpensebenefit": -5983000,
        "incomelossfromcontinuingoperations": 47924000,
        "incomelossfromdiscontinuedoperationsnetoftaxattributabletoreportingentity": 6308000,
        "netincomeloss": 54232000,
        "incomelossfromcontinuingoperationsperbasicshare": 0.38,
        "incomelossfromdiscontinuedoperationsnetoftaxperbasicshare": 0.05,
        "earningspersharebasic": 0.43,
        "incomelossfromcontinuingoperationsperdilutedshare": 0.38,
        "incomelossfromdiscontinuedoperationsnetoftaxperdilutedshare": 0.05,
        "earningspersharediluted": 0.43,
        "weightedaveragenumberofsharesoutstandingbasic": 125361000,
        "weightedaveragenumberofdilutedsharesoutstanding": 125859000,
        "commonstockdividendspersharedeclared": 0.25,
        "depreciationandamortization": 99243000,
        "effectiveincometaxratecontinuingoperations": -0.143
    },
    {
        "date": "2009-06-29",
        "symbol": "VMC",
        "period": "Q2",
        "salesrevenuegoodsnet": 681380000,
        "shippingandhandlingrevenue": 40479000,
        "revenues": 721859000,
        "costofgoodssold": 535546000,
        "shippinghandlingandtransportationcosts": 40479000,
        "costofrevenue": 576025000,
        "grossprofit": 145834000,
        "sellinggeneralandadministrativeexpense": 79353000,
        "gainonsaleofpropertyplantequipmentandbusinessesnet": -654000,
        "otheroperatingincome": -1451000,
        "operatingincomeloss": 65684000,
        "othernonoperatingincomeexpense": 2895000,
        "investmentincomeinterest": 687000,
        "interestexpense": 44073000,
        "incomelossfromcontinuingoperationsbeforeincometaxesminorityinterestandincomelossfromequitymethodinvestments": 25193000,
        "incometaxexpensebenefit": 9632000,
        "incomelossfromcontinuingoperations": 15561000,
        "incomelossfromdiscontinuedoperationsnetoftaxattributabletoreportingentity": 6651000,
        "netincomeloss": 22212000,
        "incomelossfromcontinuingoperationsperbasicshare": 0.14,
        "incomelossfromdiscontinuedoperationsnetoftaxperbasicshare": 0.06,
        "earningspersharebasic": 0.2,
        "incomelossfromcontinuingoperationsperdilutedshare": 0.14,
        "incomelossfromdiscontinuedoperationsnetoftaxperdilutedshare": 0.06,
        "earningspersharediluted": 0.2,
        "weightedaveragenumberofsharesoutstandingbasic": 113477000,
        "weightedaveragenumberofdilutedsharesoutstanding": 113829000,
        "commonstockdividendspersharedeclared": 0.49,
        "depreciationandamortization": 99600000,
        "effectiveincometaxratecontinuingoperations": 0.382
    }
]