[
    {
        "date": "2024-09-29",
        "symbol": "DASH",
        "period": "Q3",
        "revenuefromcontractwithcustomerexcludingassessedtax": 2706000000,
        "costofgoodsandserviceexcludingdepreciationdepletionandamortization": 1374000000,
        "sellingandmarketingexpense": 483000000,
        "researchanddevelopmentexpense": 289000000,
        "generalandadministrativeexpense": 315000000,
        "depreciationdepletionandamortization": 138000000,
        "costsandexpenses": 2599000000,
        "operatingincomeloss": 107000000,
        "investmentincomenet": 54000000,
        "othernonoperatingincomeexpense": -6000000,
        "incomelossfromcontinuingoperationsbeforeincometaxesextraordinaryitemsnoncontrollinginterest": 155000000,
        "incometaxexpensebenefit": -6000000,
        "profitloss": 10000000,
        "netincomelossattributabletononcontrollinginterest": -1000000,
        "netincomeloss": 10000000,
        "earningspersharebasic": 0.39,
        "earningspersharediluted": 0.38,
        "weightedaveragenumberofsharesoutstandingbasic": 26828000,
        "weightedaveragenumberofdilutedsharesoutstanding": 26828000,
        "othercomprehensiveincomelossforeigncurrencytransactionandtranslationadjustmentnetoftax": 134000000,
        "othercomprehensiveincomelossavailableforsalesecuritiesadjustmentnetoftax": 13000000,
        "othercomprehensiveincomelossnetoftax": 147000000,
        "comprehensiveincomenetoftaxincludingportionattributabletononcontrollinginterest": 308000000,
        "comprehensiveincomenetoftaxattributabletononcontrollinginterest": -1000000,
        "comprehensiveincomenetoftax": 309000000
    },
    {
        "date": "2024-06-29",
        "symbol": "DASH",
        "period": "Q2",
        "revenuefromcontractwithcustomerexcludingassessedtax": 2630000000,
        "costofgoodsandserviceexcludingdepreciationdepletionandamortization": 1385000000,
        "sellingandmarketingexpense": 509000000,
        "researchanddevelopmentexpense": 303000000,
        "generalandadministrativeexpense": 494000000,
        "depreciationdepletionandamortization": 140000000,
        "costsandexpenses": 2831000000,
        "operatingincomeloss": -201000000,
        "investmentincomenet": 49000000,
        "othernonoperatingincomeexpense": -5000000,
        "incomelossfromcontinuingoperationsbeforeincometaxesextraordinaryitemsnoncontrollinginterest": -157000000,
        "incometaxexpensebenefit": 1000000,
        "profitloss": -158000000,
        "netincomelossattributabletononcontrollinginterest": -1000000,
        "netincomeloss": -157000000,
        "earningspersharebasic": -0.38,
        "earningspersharediluted": -0.38,
        "weightedaveragenumberofsharesoutstandingbasic": 410482000,
        "weightedaveragenumberofdilutedsharesoutstanding": 410482000,
        "othercomprehensiveincomelossforeigncurrencytransactionandtranslationadjustmentnetoftax": -23000000,
        "othercomprehensiveincomelossavailableforsalesecuritiesadjustmentnetoftax": -1000000,
        "othercomprehensiveincomelossnetoftax": -24000000,
        "comprehensiveincomenetoftaxincludingportionattributabletononcontrollinginterest": -182000000,
        "comprehensiveincomenetoftaxattributabletononcontrollinginterest": -1000000,
        "comprehensiveincomenetoftax": -181000000
    },
    {
        "date": "2024-03-30",
        "symbol": "DASH",
        "period": "Q1",
        "revenuefromcontractwithcustomerexcludingassessedtax": 2513000000,
        "costofgoodsandserviceexcludingdepreciationdepletionandamortization": 1330000000,
        "sellingandmarketingexpense": 504000000,
        "researchanddevelopmentexpense": 279000000,
        "generalandadministrativeexpense": 319000000,
        "depreciationdepletionandamortization": 142000000,
        "costsandexpenses": 2574000000,
        "operatingincomeloss": -61000000,
        "investmentincomenet": 45000000,
        "othernonoperatingincomeexpense": -2000000,
        "incomelossfromcontinuingoperationsbeforeincometaxesextraordinaryitemsnoncontrollinginterest": -18000000,
        "incometaxexpensebenefit": 7000000,
        "profitloss": -25000000,
        "netincomelossattributabletononcontrollinginterest": -2000000,
        "netincomeloss": -23000000,
        "earningspersharebasic": -0.06,
        "earningspersharediluted": -0.06,
        "weightedaveragenumberofsharesoutstandingbasic": 405482000,
        "weightedaveragenumberofdilutedsharesoutstanding": 405482000,
        "othercomprehensiveincomelossforeigncurrencytransactionandtranslationadjustmentnetoftax": -70000000,
        "othercomprehensiveincomelossavailableforsalesecuritiesadjustmentnetoftax": -4000000,
        "othercomprehensiveincomelossnetoftax": -74000000,
        "comprehensiveincomenetoftaxincludingportionattributabletononcontrollinginterest": -99000000,
        "comprehensiveincomenetoftaxattributabletononcontrollinginterest": -2000000,
        "comprehensiveincomenetoftax": -97000000
    },
    {
        "date": "2023-12-30",
        "symbol": "DASH",
        "period": "Q4",
        "revenuefromcontractwithcustomerexcludingassessedtax": 2303000000,
        "costofgoodsandserviceexcludingdepreciationdepletionandamortization": 1229000000,
        "sellingandmarketingexpense": 460000000,
        "researchanddevelopmentexpense": 253000000,
        "generalandadministrativeexpense": 320000000,
        "depreciationdepletionandamortization": 130000000,
        "costsandexpenses": 2392000000,
        "operatingincomeloss": -89000000,
        "othernonoperatingincomeexpense": -101000000,
        "incomelossfromcontinuingoperationsbeforeincometaxesextraordinaryitemsnoncontrollinginterest": -139000000,
        "incometaxexpensebenefit": 17000000,
        "profitloss": -156000000,
        "netincomelossattributabletononcontrollinginterest": -2000000,
        "netincomeloss": -154000000,
        "earningspersharebasic": -0.38999999999999985,
        "earningspersharediluted": -0.38999999999999985,
        "weightedaveragenumberofsharesoutstandingbasic": 392948000,
        "weightedaveragenumberofdilutedsharesoutstanding": 392948000,
        "othercomprehensiveincomelossforeigncurrencytransactionandtranslationadjustmentnetoftax": 130000000,
        "othercomprehensiveincomelossavailableforsalesecuritiesadjustmentnetoftax": 10000000,
        "othercomprehensiveincomelossnetoftax": 141000000,
        "comprehensiveincomenetoftaxincludingportionattributabletononcontrollinginterest": -15000000,
        "comprehensiveincomenetoftaxattributabletononcontrollinginterest": -2000000,
        "comprehensiveincomenetoftax": -13000000
    },
    {
        "date": "2023-09-29",
        "symbol": "DASH",
        "period": "Q3",
        "revenuefromcontractwithcustomerexcludingassessedtax": 5949000000,
        "costofgoodsandserviceexcludingdepreciationdepletionandamortization": 1156000000,
        "sellingandmarketingexpense": 449000000,
        "researchanddevelopmentexpense": 250000000,
        "generalandadministrativeexpense": 289000000,
        "depreciationdepletionandamortization": 128000000,
        "costsandexpenses": 2272000000,
        "operatingincomeloss": -108000000,
        "interestandotherincome": 40000000,
        "othernonoperatingincomeexpense": -1000000,
        "incomelossfromcontinuingoperationsbeforeincometaxesextraordinaryitemsnoncontrollinginterest": -69000000,
        "incometaxexpensebenefit": 6000000,
        "profitloss": -385000000,
        "netincomelossattributabletononcontrollinginterest": -2000000,
        "netincomeloss": -380000000,
        "earningspersharebasic": -0.1800000000000001,
        "earningspersharediluted": -0.1800000000000001,
        "weightedaveragenumberofsharesoutstandingbasic": 363002000,
        "weightedaveragenumberofdilutedsharesoutstanding": 363002000,
        "othercomprehensiveincomelossforeigncurrencytransactionandtranslationadjustmentnetoftax": -80000000,
        "othercomprehensiveincomelossavailableforsalesecuritiesadjustmentnetoftax": 3000000,
        "othercomprehensiveincomelossnetoftax": -77000000,
        "comprehensiveincomenetoftaxincludingportionattributabletononcontrollinginterest": -152000000,
        "comprehensiveincomenetoftaxattributabletononcontrollinginterest": -2000000,
        "comprehensiveincomenetoftax": -150000000
    },
    {
        "date": "2023-06-29",
        "symbol": "DASH",
        "period": "Q2",
        "revenuefromcontractwithcustomerexcludingassessedtax": 194000000,
        "costofgoodsandserviceexcludingdepreciationdepletionandamortization": 1135000000,
        "sellingandmarketingexpense": 471000000,
        "researchanddevelopmentexpense": 269000000,
        "generalandadministrativeexpense": 341000000,
        "depreciationdepletionandamortization": 128000000,
        "restructuringcharges": 0,
        "costsandexpenses": 2344000000,
        "operatingincomeloss": -211000000,
        "interestandotherincome": 33000000,
        "othernonoperatingincomeexpense": -4000000,
        "incomelossfromcontinuingoperationsbeforeincometaxesextraordinaryitemsnoncontrollinginterest": -181000000,
        "incometaxexpensebenefit": -9000000,
        "profitloss": -12000000,
        "netincomelossattributabletononcontrollinginterest": -2000000,
        "netincomeloss": -12000000,
        "earningspersharebasic": -0.44,
        "earningspersharediluted": -0.44,
        "weightedaveragenumberofsharesoutstandingbasic": -199000,
        "weightedaveragenumberofdilutedsharesoutstanding": -199000,
        "othercomprehensiveincomelossforeigncurrencytransactionandtranslationadjustmentnetoftax": -8000000,
        "othercomprehensiveincomelossavailableforsalesecuritiesadjustmentnetoftax": -1000000,
        "othercomprehensiveincomelossnetoftax": -9000000,
        "comprehensiveincomenetoftaxincludingportionattributabletononcontrollinginterest": -181000000,
        "comprehensiveincomenetoftaxattributabletononcontrollinginterest": -2000000,
        "comprehensiveincomenetoftax": -179000000
    },
    {
        "date": "2023-03-30",
        "symbol": "DASH",
        "period": "Q1",
        "revenuefromcontractwithcustomerexcludingassessedtax": 189000000,
        "costofgoodsandserviceexcludingdepreciationdepletionandamortization": 1069000000,
        "sellingandmarketingexpense": 496000000,
        "researchanddevelopmentexpense": 231000000,
        "generalandadministrativeexpense": 285000000,
        "depreciationdepletionandamortization": 123000000,
        "restructuringcharges": 2000000,
        "costsandexpenses": 2206000000,
        "operatingincomeloss": -171000000,
        "interestandotherincome": 28000000,
        "interestexpense": 1000000,
        "othernonoperatingincomeexpense": -1000000,
        "incomelossfromcontinuingoperationsbeforeincometaxesextraordinaryitemsnoncontrollinginterest": -145000000,
        "incometaxexpensebenefit": 17000000,
        "profitloss": -12000000,
        "netincomelossattributabletononcontrollinginterest": -1000000,
        "netincomeloss": -12000000,
        "earningspersharebasic": -0.41,
        "earningspersharediluted": -0.41,
        "weightedaveragenumberofsharesoutstandingbasic": 27991000,
        "weightedaveragenumberofdilutedsharesoutstanding": 27991000,
        "othercomprehensiveincomelossforeigncurrencytransactionandtranslationadjustmentnetoftax": 42000000,
        "othercomprehensiveincomelossavailableforsalesecuritiesadjustmentnetoftax": 9000000,
        "othercomprehensiveincomelossnetoftax": 51000000,
        "comprehensiveincomenetoftaxincludingportionattributabletononcontrollinginterest": -111000000,
        "comprehensiveincomenetoftaxattributabletononcontrollinginterest": -1000000,
        "comprehensiveincomenetoftax": -110000000
    },
    {
        "date": "2022-12-30",
        "symbol": "DASH",
        "period": "Q4",
        "revenuefromcontractwithcustomerexcludingassessedtax": 153000000,
        "costofgoodsandserviceexcludingdepreciationdepletionandamortization": 1014000000,
        "sellingandmarketingexpense": 429000000,
        "researchanddevelopmentexpense": 250000000,
        "generalandadministrativeexpense": 292000000,
        "depreciationdepletionandamortization": 111000000,
        "costsandexpenses": 2188000000,
        "operatingincomeloss": -370000000,
        "interestandotherincome": 17000000,
        "othernonoperatingincomeexpense": -305000000,
        "incomelossfromcontinuingoperationsbeforeincometaxesextraordinaryitemsnoncontrollinginterest": -659000000,
        "netincomeloss": -49000000,
        "earningspersharebasic": -1.7100000000000004,
        "earningspersharediluted": -1.7100000000000004,
        "weightedaveragenumberofsharesoutstandingbasic": -60087000,
        "weightedaveragenumberofdilutedsharesoutstanding": -60087000,
        "othercomprehensiveincomelossavailableforsalesecuritiesadjustmentnetoftax": 6000000,
        "othercomprehensiveincomelossnetoftax": 259000000,
        "comprehensiveincomenetoftax": -381000000
    },
    {
        "date": "2022-09-29",
        "symbol": "DASH",
        "period": "Q3",
        "revenuefromcontractwithcustomerexcludingassessedtax": 121000000,
        "costofgoodsandserviceexcludingdepreciationdepletionandamortization": 931000000,
        "sellingandmarketingexpense": 418000000,
        "researchanddevelopmentexpense": 226000000,
        "generalandadministrativeexpense": 316000000,
        "depreciationdepletionandamortization": 118000000,
        "costsandexpenses": 2009000000,
        "operatingincomeloss": -308000000,
        "interestandotherincome": 9000000,
        "othernonoperatingincomeexpense": -2000000,
        "incomelossfromcontinuingoperationsbeforeincometaxesextraordinaryitemsnoncontrollinginterest": -301000000,
        "incometaxexpensebenefit": -5000000,
        "profitloss": -22000000,
        "netincomelossattributabletononcontrollinginterest": -1000000,
        "netincomeloss": -22000000,
        "earningspersharebasic": -0.77,
        "earningspersharediluted": -0.77,
        "weightedaveragenumberofsharesoutstandingbasic": 28129000,
        "weightedaveragenumberofdilutedsharesoutstanding": 28129000,
        "othercomprehensiveincomelossforeigncurrencytransactionandtranslationadjustmentnetoftax": -180000000,
        "othercomprehensiveincomelossavailableforsalesecuritiesadjustmentnetoftax": -6000000,
        "othercomprehensiveincomelossnetoftax": -186000000,
        "comprehensiveincomenetoftaxincludingportionattributabletononcontrollinginterest": -482000000,
        "comprehensiveincomenetoftaxattributabletononcontrollinginterest": -2000000,
        "comprehensiveincomenetoftax": -480000000
    },
    {
        "date": "2022-06-29",
        "symbol": "DASH",
        "period": "Q2",
        "revenuefromcontractwithcustomerexcludingassessedtax": 1608000000,
        "costofgoodsandserviceexcludingdepreciationdepletionandamortization": 880000000,
        "sellingandmarketingexpense": 421000000,
        "researchanddevelopmentexpense": 205000000,
        "generalandadministrativeexpense": 294000000,
        "depreciationdepletionandamortization": 81000000,
        "costsandexpenses": 1881000000,
        "operatingincomeloss": -273000000,
        "interestandotherincome": 5000000,
        "interestexpense": 1000000,
        "othernonoperatingincomeexpense": -3000000,
        "incomelossfromcontinuingoperationsbeforeincometaxesextraordinaryitemsnoncontrollinginterest": -272000000,
        "incometaxexpensebenefit": -9000000,
        "netincomeloss": -263000000,
        "earningspersharebasic": -0.72,
        "earningspersharediluted": -0.72,
        "weightedaveragenumberofsharesoutstandingbasic": 363961000,
        "weightedaveragenumberofdilutedsharesoutstanding": 363961000,
        "othercomprehensiveincomelossforeigncurrencytransactionandtranslationadjustmentnetoftax": -87000000,
        "othercomprehensiveincomelossavailableforsalesecuritiesadjustmentnetoftax": -6000000,
        "othercomprehensiveincomelossnetoftax": -93000000,
        "comprehensiveincomenetoftax": -356000000
    },
    {
        "date": "2022-03-30",
        "symbol": "DASH",
        "period": "Q1",
        "revenuefromcontractwithcustomerexcludingassessedtax": 11000000,
        "costofgoodsandserviceexcludingdepreciationdepletionandamortization": 763000000,
        "sellingandmarketingexpense": 414000000,
        "researchanddevelopmentexpense": 148000000,
        "generalandadministrativeexpense": 245000000,
        "depreciationdepletionandamortization": 59000000,
        "costsandexpenses": 1629000000,
        "operatingincomeloss": -173000000,
        "interestandotherincome": 1000000,
        "othernonoperatingincomeexpense": 5000000,
        "incomelossfromcontinuingoperationsbeforeincometaxesextraordinaryitemsnoncontrollinginterest": -167000000,
        "netincomeloss": -15000000,
        "earningspersharebasic": -0.48,
        "earningspersharediluted": -0.48,
        "weightedaveragenumberofsharesoutstandingbasic": 31133000,
        "weightedaveragenumberofdilutedsharesoutstanding": 31133000,
        "othercomprehensiveincomelossavailableforsalesecuritiesadjustmentnetoftax": -10000000,
        "othercomprehensiveincomelossnetoftax": -10000000,
        "comprehensiveincomenetoftax": -177000000
    },
    {
        "date": "2021-12-30",
        "symbol": "DASH",
        "period": "Q4",
        "costofgoodsandserviceexcludingdepreciationdepletionandamortization": 635000000,
        "sellingandmarketingexpense": 413000000,
        "researchanddevelopmentexpense": 133000000,
        "generalandadministrativeexpense": 224000000,
        "depreciationdepletionandamortization": 49000000,
        "costsandexpenses": 1454000000,
        "operatingincomeloss": -154000000,
        "netincomeloss": -15000000,
        "comprehensiveincomenetoftax": -159000000
    },
    {
        "date": "2021-09-29",
        "symbol": "DASH",
        "period": "Q3",
        "revenuefromcontractwithcustomerexcludingassessedtax": 0,
        "costofgoodsandserviceexcludingdepreciationdepletionandamortization": 585000000,
        "sellingandmarketingexpense": 446000000,
        "researchanddevelopmentexpense": 115000000,
        "generalandadministrativeexpense": 188000000,
        "depreciationdepletionandamortization": 41000000,
        "costsandexpenses": 1375000000,
        "operatingincomeloss": -100000000,
        "interestexpense": 0,
        "incometaxexpensebenefit": 0,
        "netincomeloss": -9000000,
        "comprehensiveincomenetoftax": -101000000
    },
    {
        "date": "2021-06-29",
        "symbol": "DASH",
        "period": "Q2",
        "revenuefromcontractwithcustomerexcludingassessedtax": 1236000000,
        "costofgoodsandserviceexcludingdepreciationdepletionandamortization": 555000000,
        "sellingandmarketingexpense": 427000000,
        "researchanddevelopmentexpense": 100000000,
        "generalandadministrativeexpense": 216000000,
        "depreciationdepletionandamortization": 37000000,
        "costsandexpenses": 1335000000,
        "operatingincomeloss": -99000000,
        "interestandotherincome": 0,
        "interestexpense": 1000000,
        "incomelossfromcontinuingoperationsbeforeincometaxesminorityinterestandincomelossfromequitymethodinvestments": -100000000,
        "incometaxexpensebenefit": 2000000,
        "netincomeloss": -102000000,
        "comprehensiveincomenetoftax": -102000000
    },
    {
        "date": "2021-03-30",
        "symbol": "DASH",
        "period": "Q1",
        "revenuefromcontractwithcustomerexcludingassessedtax": 1077000000,
        "costofgoodsandserviceexcludingdepreciationdepletionandamortization": 563000000,
        "sellingandmarketingexpense": 333000000,
        "researchanddevelopmentexpense": 82000000,
        "generalandadministrativeexpense": 169000000,
        "depreciationdepletionandamortization": 29000000,
        "costsandexpenses": 1176000000,
        "operatingincomeloss": -99000000,
        "interestandotherincome": 2000000,
        "interestexpense": 12000000,
        "incomelossfromcontinuingoperationsbeforeincometaxesminorityinterestandincomelossfromequitymethodinvestments": -109000000,
        "incometaxexpensebenefit": 1000000,
        "netincomeloss": -110000000,
        "earningspersharebasicanddiluted": -0.34,
        "weightedaveragenumberofshareoutstandingbasicanddiluted": 327815000,
        "comprehensiveincomenetoftax": -110000000
    }
]