[
    {
        "date": "2024-09-29",
        "symbol": "EA",
        "period": "Q2",
        "revenues": 2025000000,
        "costofrevenue": 456000000,
        "grossprofit": 1569000000,
        "researchanddevelopmentexpensesoftwareexcludingacquiredinprocesscost": 648000000,
        "sellingandmarketingexpense": 272000000,
        "generalandadministrativeexpense": 197000000,
        "amortizationofintangibleassets": 27000000,
        "restructuringcharges": 51000000,
        "operatingexpenses": 1185000000,
        "operatingincomeloss": 384000000,
        "othernonoperatingincomeexpense": 15000000,
        "incomelossfromcontinuingoperationsbeforeincometaxesextraordinaryitemsnoncontrollinginterest": 399000000,
        "incometaxexpensebenefit": 105000000,
        "netincomeloss": 294000000,
        "earningspersharebasic": 1.11,
        "earningspersharediluted": 1.11,
        "weightedaveragenumberofsharesoutstandingbasic": 264000000,
        "weightedaveragenumberofdilutedsharesoutstanding": 266000000,
        "othercomprehensiveincomelossavailableforsalesecuritiesadjustmentnetoftax": 1000000,
        "othercomprehensiveincomelosscashflowhedgegainlossafterreclassificationandtax": -72000000,
        "othercomprehensiveincomelossforeigncurrencytransactionandtranslationadjustmentnetoftax": 16000000,
        "othercomprehensiveincomelossnetoftax": -55000000,
        "comprehensiveincomenetoftax": 239000000
    },
    {
        "date": "2024-06-29",
        "symbol": "EA",
        "period": "Q1",
        "revenues": 1660000000,
        "costofrevenue": 263000000,
        "grossprofit": 1397000000,
        "researchanddevelopmentexpensesoftwareexcludingacquiredinprocesscost": 629000000,
        "sellingandmarketingexpense": 205000000,
        "generalandadministrativeexpense": 180000000,
        "amortizationofintangibleassets": 17000000,
        "restructuringcharges": 2000000,
        "operatingexpenses": 1033000000,
        "operatingincomeloss": 364000000,
        "othernonoperatingincomeexpense": 30000000,
        "incomelossfromcontinuingoperationsbeforeincometaxesextraordinaryitemsnoncontrollinginterest": 394000000,
        "incometaxexpensebenefit": 114000000,
        "netincomeloss": 280000000,
        "earningspersharebasic": 1.05,
        "earningspersharediluted": 1.04,
        "weightedaveragenumberofsharesoutstandingbasic": 266000000,
        "weightedaveragenumberofdilutedsharesoutstanding": 268000000,
        "othercomprehensiveincomelosscashflowhedgegainlossafterreclassificationandtax": 16000000,
        "othercomprehensiveincomelossforeigncurrencytransactionandtranslationadjustmentnetoftax": -4000000,
        "othercomprehensiveincomelossnetoftax": 12000000,
        "comprehensiveincomenetoftax": 292000000
    },
    {
        "date": "2024-03-30",
        "symbol": "EA",
        "period": "Q4",
        "revenues": 1779000000,
        "costofrevenue": 357000000,
        "grossprofit": 1422000000,
        "researchanddevelopmentexpensesoftwareexcludingacquiredinprocesscost": 638000000,
        "sellingandmarketingexpense": 234000000,
        "generalandadministrativeexpense": 185000000,
        "amortizationofintangibleassets": 72000000,
        "operatingexpenses": 1188000000,
        "operatingincomeloss": 234000000,
        "othernonoperatingincomeexpense": 26000000,
        "incomelossfromcontinuingoperationsbeforeincometaxesextraordinaryitemsnoncontrollinginterest": 260000000,
        "incometaxexpensebenefit": 78000000,
        "netincomeloss": 182000000,
        "earningspersharebasic": 0.6799999999999993,
        "earningspersharediluted": 0.6699999999999997,
        "weightedaveragenumberofsharesoutstandingbasic": 270000000,
        "weightedaveragenumberofdilutedsharesoutstanding": 272000000,
        "othercomprehensiveincomelosscashflowhedgegainlossafterreclassificationandtax": 25000000,
        "othercomprehensiveincomelossforeigncurrencytransactionandtranslationadjustmentnetoftax": -13000000,
        "othercomprehensiveincomelossnetoftax": 12000000,
        "comprehensiveincomenetoftax": 194000000
    },
    {
        "date": "2023-12-30",
        "symbol": "EA",
        "period": "Q3",
        "revenues": 1945000000,
        "costofrevenue": 529000000,
        "grossprofit": 1416000000,
        "researchanddevelopmentexpensesoftwareexcludingacquiredinprocesscost": 584000000,
        "sellingandmarketingexpense": 276000000,
        "generalandadministrativeexpense": 170000000,
        "amortizationofintangibleassets": 21000000,
        "restructuringcharges": 0,
        "operatingexpenses": 1051000000,
        "operatingincomeloss": 365000000,
        "othernonoperatingincomeexpense": 17000000,
        "incomelossfromcontinuingoperationsbeforeincometaxesextraordinaryitemsnoncontrollinginterest": 382000000,
        "incometaxexpensebenefit": 92000000,
        "netincomeloss": 290000000,
        "earningspersharebasic": 1.0800000000000005,
        "earningspersharediluted": 1.07,
        "weightedaveragenumberofsharesoutstandingbasic": 271000000,
        "weightedaveragenumberofdilutedsharesoutstanding": 272000000,
        "othercomprehensiveincomelosscashflowhedgegainlossafterreclassificationandtax": -69000000,
        "othercomprehensiveincomelossforeigncurrencytransactionandtranslationadjustmentnetoftax": 18000000,
        "othercomprehensiveincomelossnetoftax": -50000000,
        "comprehensiveincomenetoftax": 240000000
    },
    {
        "date": "2023-09-29",
        "symbol": "EA",
        "period": "Q2",
        "revenues": 1914000000,
        "costofrevenue": 456000000,
        "grossprofit": 1458000000,
        "researchanddevelopmentexpensesoftwareexcludingacquiredinprocesscost": 602000000,
        "sellingandmarketingexpense": 280000000,
        "generalandadministrativeexpense": 173000000,
        "amortizationofintangibleassets": 24000000,
        "restructuringcharges": 2000000,
        "operatingexpenses": 1081000000,
        "operatingincomeloss": 377000000,
        "othernonoperatingincomeexpense": 14000000,
        "incomelossfromcontinuingoperationsbeforeincometaxesextraordinaryitemsnoncontrollinginterest": 391000000,
        "incometaxexpensebenefit": -8000000,
        "netincomeloss": 399000000,
        "earningspersharebasic": 1.47,
        "earningspersharediluted": 1.47,
        "weightedaveragenumberofsharesoutstandingbasic": 271000000,
        "weightedaveragenumberofdilutedsharesoutstanding": 272000000,
        "othercomprehensiveincomelosscashflowhedgegainlossafterreclassificationandtax": 56000000,
        "othercomprehensiveincomelossforeigncurrencytransactionandtranslationadjustmentnetoftax": -15000000,
        "othercomprehensiveincomelossnetoftax": 41000000,
        "comprehensiveincomenetoftax": 440000000
    },
    {
        "date": "2023-06-29",
        "symbol": "EA",
        "period": "Q1",
        "revenues": 1924000000,
        "costofrevenue": 368000000,
        "grossprofit": 1556000000,
        "researchanddevelopmentexpensesoftwareexcludingacquiredinprocesscost": 596000000,
        "sellingandmarketingexpense": 229000000,
        "generalandadministrativeexpense": 163000000,
        "amortizationofintangibleassets": 25000000,
        "restructuringcharges": 1000000,
        "operatingexpenses": 1014000000,
        "operatingincomeloss": 542000000,
        "othernonoperatingincomeexpense": 14000000,
        "incomelossfromcontinuingoperationsbeforeincometaxesextraordinaryitemsnoncontrollinginterest": 556000000,
        "incometaxexpensebenefit": 154000000,
        "netincomeloss": 402000000,
        "earningspersharebasic": 1.48,
        "earningspersharediluted": 1.47,
        "weightedaveragenumberofsharesoutstandingbasic": 272000000,
        "weightedaveragenumberofdilutedsharesoutstanding": 274000000,
        "othercomprehensiveincomelosscashflowhedgegainlossafterreclassificationandtax": -15000000,
        "othercomprehensiveincomelossforeigncurrencytransactionandtranslationadjustmentnetoftax": 7000000,
        "othercomprehensiveincomelossnetoftax": -8000000,
        "comprehensiveincomenetoftax": 394000000
    },
    {
        "date": "2023-03-30",
        "symbol": "EA",
        "period": "Q4",
        "revenues": 890000000,
        "costofrevenue": 448000000,
        "grossprofit": 1426000000,
        "researchanddevelopmentexpensesoftwareexcludingacquiredinprocesscost": 635000000,
        "sellingandmarketingexpense": 255000000,
        "generalandadministrativeexpense": 224000000,
        "amortizationofintangibleassets": 117000000,
        "operatingexpenses": 1251000000,
        "operatingincomeloss": 175000000,
        "incomelossfromcontinuingoperationsbeforeincometaxesextraordinaryitemsnoncontrollinginterest": 181000000,
        "incometaxexpensebenefit": 193000000,
        "netincomeloss": -12000000,
        "earningspersharebasic": -0.029999999999999805,
        "earningspersharediluted": -0.03000000000000025,
        "weightedaveragenumberofdilutedsharesoutstanding": -280000000,
        "othercomprehensiveincomelossforeigncurrencytransactionandtranslationadjustmentnetoftax": 3000000,
        "othercomprehensiveincomelossnetoftax": 3000000,
        "comprehensiveincomenetoftax": -640000000
    },
    {
        "date": "2022-12-30",
        "symbol": "EA",
        "period": "Q3",
        "revenues": 1881000000,
        "costofrevenue": 568000000,
        "grossprofit": 1313000000,
        "researchanddevelopmentexpensesoftwareexcludingacquiredinprocesscost": 556000000,
        "sellingandmarketingexpense": 256000000,
        "generalandadministrativeexpense": 162000000,
        "amortizationofintangibleassets": 50000000,
        "operatingexpenses": 1024000000,
        "operatingincomeloss": 289000000,
        "othernonoperatingincomeexpense": -7000000,
        "incomelossfromcontinuingoperationsbeforeincometaxesextraordinaryitemsnoncontrollinginterest": 282000000,
        "incometaxexpensebenefit": 78000000,
        "netincomeloss": 204000000,
        "earningspersharebasic": 0.74,
        "earningspersharediluted": 0.73,
        "weightedaveragenumberofsharesoutstandingbasic": 276000000,
        "weightedaveragenumberofdilutedsharesoutstanding": 278000000,
        "othercomprehensiveincomelossavailableforsalesecuritiesadjustmentnetoftax": 2000000,
        "othercomprehensiveincomelosscashflowhedgegainlossafterreclassificationandtax": -199000000,
        "othercomprehensiveincomelossforeigncurrencytransactionandtranslationadjustmentnetoftax": 23000000,
        "othercomprehensiveincomelossnetoftax": -174000000,
        "comprehensiveincomenetoftax": 30000000
    },
    {
        "date": "2022-09-29",
        "symbol": "EA",
        "period": "Q2",
        "revenues": 1904000000,
        "costofrevenue": 462000000,
        "grossprofit": 1442000000,
        "researchanddevelopmentexpensesoftwareexcludingacquiredinprocesscost": 565000000,
        "sellingandmarketingexpense": 233000000,
        "generalandadministrativeexpense": 174000000,
        "amortizationofintangibleassets": 43000000,
        "operatingexpenses": 1015000000,
        "operatingincomeloss": 427000000,
        "othernonoperatingincomeexpense": 0,
        "incomelossfromcontinuingoperationsbeforeincometaxesextraordinaryitemsnoncontrollinginterest": 427000000,
        "incometaxexpensebenefit": 128000000,
        "netincomeloss": 299000000,
        "earningspersharebasic": 1.0799999999999998,
        "earningspersharediluted": 1.07,
        "weightedaveragenumberofsharesoutstandingbasic": 0,
        "weightedaveragenumberofdilutedsharesoutstanding": -1000000,
        "othercomprehensiveincomelossavailableforsalesecuritiesadjustmentnetoftax": 0,
        "othercomprehensiveincomelosscashflowhedgegainlossafterreclassificationandtax": 109000000,
        "othercomprehensiveincomelossforeigncurrencytransactionandtranslationadjustmentnetoftax": -43000000,
        "othercomprehensiveincomelossnetoftax": 66000000,
        "comprehensiveincomenetoftax": 365000000
    },
    {
        "date": "2022-06-29",
        "symbol": "EA",
        "period": "Q1",
        "revenues": 1767000000,
        "costofrevenue": 314000000,
        "grossprofit": 1453000000,
        "researchanddevelopmentexpensesoftwareexcludingacquiredinprocesscost": 572000000,
        "sellingandmarketingexpense": 234000000,
        "generalandadministrativeexpense": 167000000,
        "amortizationofintangibleassets": 39000000,
        "operatingexpenses": 1012000000,
        "operatingincomeloss": 441000000,
        "othernonoperatingincomeexpense": -5000000,
        "incomelossfromcontinuingoperationsbeforeincometaxesextraordinaryitemsnoncontrollinginterest": 436000000,
        "incometaxexpensebenefit": 125000000,
        "netincomeloss": 311000000,
        "earningspersharebasic": 1.11,
        "earningspersharediluted": 1.11,
        "weightedaveragenumberofsharesoutstandingbasic": 279000000,
        "weightedaveragenumberofdilutedsharesoutstanding": 281000000,
        "othercomprehensiveincomelossavailableforsalesecuritiesadjustmentnetoftax": -1000000,
        "othercomprehensiveincomelosscashflowhedgegainlossafterreclassificationandtax": 90000000,
        "othercomprehensiveincomelossforeigncurrencytransactionandtranslationadjustmentnetoftax": -33000000,
        "othercomprehensiveincomelossnetoftax": 56000000,
        "comprehensiveincomenetoftax": 367000000
    },
    {
        "date": "2022-03-30",
        "symbol": "EA",
        "period": "Q4",
        "revenues": 500000000,
        "costofrevenue": 419000000,
        "grossprofit": 1406000000,
        "researchanddevelopmentexpensesoftwareexcludingacquiredinprocesscost": 579000000,
        "sellingandmarketingexpense": 245000000,
        "generalandadministrativeexpense": 165000000,
        "amortizationofintangibleassets": 97000000,
        "operatingexpenses": 1041000000,
        "operatingincomeloss": 365000000,
        "othernonoperatingincomeexpense": -9000000,
        "incometaxexpensebenefit": -125000000,
        "netincomeloss": 225000000,
        "earningspersharebasic": 0.8099999999999998,
        "earningspersharediluted": 0.7999999999999998,
        "weightedaveragenumberofsharesoutstandingbasic": -570000000,
        "weightedaveragenumberofdilutedsharesoutstanding": -575000000,
        "othercomprehensiveincomelossderivativesqualifyingashedgesnetoftax": 10000000,
        "othercomprehensiveincomelossforeigncurrencytransactionandtranslationadjustmentnetoftax": 1000000,
        "othercomprehensiveincomelossnetoftax": 1000000,
        "comprehensiveincomenetoftax": 9000000
    },
    {
        "date": "2021-12-30",
        "symbol": "EA",
        "period": "Q3",
        "revenues": 1789000000,
        "costofrevenue": 631000000,
        "grossprofit": 1158000000,
        "researchanddevelopmentexpensesoftwareexcludingacquiredinprocesscost": 539000000,
        "sellingandmarketingexpense": 293000000,
        "generalandadministrativeexpense": 163000000,
        "amortizationofintangibleassets": 61000000,
        "operatingexpenses": 1056000000,
        "operatingincomeloss": 102000000,
        "othernonoperatingincomeexpense": -11000000,
        "incomelossfromcontinuingoperationsbeforeincometaxesextraordinaryitemsnoncontrollinginterest": 91000000,
        "incometaxexpensebenefit": 25000000,
        "netincomeloss": 66000000,
        "earningspersharebasic": 0.23,
        "earningspersharediluted": 0.23,
        "weightedaveragenumberofsharesoutstandingbasic": 283000000,
        "weightedaveragenumberofdilutedsharesoutstanding": 285000000,
        "othercomprehensiveincomelossavailableforsalesecuritiesadjustmentnetoftax": -1000000,
        "othercomprehensiveincomelossderivativesqualifyingashedgesnetoftax": 10000000,
        "othercomprehensiveincomelossforeigncurrencytransactionandtranslationadjustmentnetoftax": -1000000,
        "othercomprehensiveincomelossnetoftax": 8000000,
        "comprehensiveincomenetoftax": 74000000
    },
    {
        "date": "2021-09-29",
        "symbol": "EA",
        "period": "Q2",
        "revenues": 1826000000,
        "costofrevenue": 494000000,
        "grossprofit": 1332000000,
        "researchanddevelopmentexpensesoftwareexcludingacquiredinprocesscost": 553000000,
        "sellingandmarketingexpense": 233000000,
        "generalandadministrativeexpense": 176000000,
        "amortizationofintangibleassets": 30000000,
        "operatingexpenses": 992000000,
        "operatingincomeloss": 340000000,
        "othernonoperatingincomeexpense": -14000000,
        "incomelossfromcontinuingoperationsbeforeincometaxesminorityinterestandincomelossfromequitymethodinvestments": 326000000,
        "incometaxexpensebenefit": 32000000,
        "netincomeloss": 294000000,
        "earningspersharebasic": 1.03,
        "earningspersharediluted": 1.02,
        "weightedaveragenumberofsharesoutstandingbasic": 285000000,
        "weightedaveragenumberofdilutedsharesoutstanding": 287000000,
        "othercomprehensiveincomelossderivativesqualifyingashedgesnetoftax": 50000000,
        "othercomprehensiveincomelossforeigncurrencytransactionandtranslationadjustmentnetoftax": -17000000,
        "othercomprehensiveincomelossnetoftax": 33000000,
        "comprehensiveincomenetoftax": 327000000
    },
    {
        "date": "2021-06-29",
        "symbol": "EA",
        "period": "Q1",
        "revenues": 1551000000,
        "costofrevenue": 315000000,
        "grossprofit": 1236000000,
        "researchanddevelopmentexpensesoftwareexcludingacquiredinprocesscost": 515000000,
        "sellingandmarketingexpense": 190000000,
        "generalandadministrativeexpense": 169000000,
        "amortizationofintangibleassets": 40000000,
        "operatingexpenses": 914000000,
        "operatingincomeloss": 322000000,
        "othernonoperatingincomeexpense": -14000000,
        "incomelossfromcontinuingoperationsbeforeincometaxesminorityinterestandincomelossfromequitymethodinvestments": 308000000,
        "incometaxexpensebenefit": 104000000,
        "netincomeloss": 204000000,
        "earningspersharebasic": 0.71,
        "earningspersharediluted": 0.71,
        "weightedaveragenumberofsharesoutstandingbasic": 286000000,
        "weightedaveragenumberofdilutedsharesoutstanding": 289000000,
        "othercomprehensiveincomelossderivativesqualifyingashedgesnetoftax": 6000000,
        "othercomprehensiveincomelossforeigncurrencytransactionandtranslationadjustmentnetoftax": 9000000,
        "othercomprehensiveincomelossnetoftax": 15000000,
        "comprehensiveincomenetoftax": 219000000
    },
    {
        "date": "2021-03-30",
        "symbol": "EA",
        "period": "Q4",
        "revenues": 1346000000,
        "costofrevenue": 319000000,
        "grossprofit": 1027000000,
        "researchanddevelopmentexpensesoftwareexcludingacquiredinprocesscost": 468000000,
        "sellingandmarketingexpense": 196000000,
        "generalandadministrativeexpense": 174000000,
        "amortizationofintangibleassets": 14000000,
        "operatingexpenses": 852000000,
        "operatingincomeloss": 175000000,
        "othernonoperatingincomeexpense": -10000000,
        "incomelossfromcontinuingoperationsbeforeincometaxesminorityinterestandincomelossfromequitymethodinvestments": 165000000,
        "incometaxexpensebenefit": 89000000,
        "netincomeloss": 76000000,
        "earningspersharebasic": 0.2599999999999998,
        "earningspersharediluted": 0.27000000000000046,
        "weightedaveragenumberofsharesoutstandingbasic": -578000000,
        "weightedaveragenumberofdilutedsharesoutstanding": -585000000,
        "othercomprehensiveincomelossavailableforsalesecuritiesadjustmentnetoftax": -2000000,
        "othercomprehensiveincomelossderivativesqualifyingashedgesnetoftax": 38000000,
        "othercomprehensiveincomelossforeigncurrencytransactionandtranslationadjustmentnetoftax": 8000000,
        "othercomprehensiveincomelossnetoftax": 48000000,
        "comprehensiveincomenetoftax": 120000000
    },
    {
        "date": "2020-12-30",
        "symbol": "EA",
        "period": "Q3",
        "revenues": 1673000000,
        "costofrevenue": 601000000,
        "grossprofit": 1072000000,
        "researchanddevelopmentexpensesoftwareexcludingacquiredinprocesscost": 451000000,
        "sellingandmarketingexpense": 216000000,
        "generalandadministrativeexpense": 149000000,
        "amortizationofintangibleassets": 5000000,
        "operatingexpenses": 821000000,
        "operatingincomeloss": 251000000,
        "othernonoperatingincomeexpense": -6000000,
        "incomelossfromcontinuingoperationsbeforeincometaxesminorityinterestandincomelossfromequitymethodinvestments": 245000000,
        "incometaxexpensebenefit": 34000000,
        "netincomeloss": 211000000,
        "earningspersharebasic": 0.73,
        "earningspersharediluted": 0.72,
        "weightedaveragenumberofsharesoutstandingbasic": 290000000,
        "weightedaveragenumberofdilutedsharesoutstanding": 292000000,
        "othercomprehensiveincomelossavailableforsalesecuritiesadjustmentnetoftax": -2000000,
        "othercomprehensiveincomelossderivativesqualifyingashedgesnetoftax": -26000000,
        "othercomprehensiveincomelossforeigncurrencytransactionandtranslationadjustmentnetoftax": 23000000,
        "othercomprehensiveincomelossnetoftax": -5000000,
        "comprehensiveincomenetoftax": 206000000
    },
    {
        "date": "2020-09-29",
        "symbol": "EA",
        "period": "Q2",
        "revenues": 1151000000,
        "costofrevenue": 286000000,
        "grossprofit": 865000000,
        "researchanddevelopmentexpensesoftwareexcludingacquiredinprocesscost": 421000000,
        "sellingandmarketingexpense": 156000000,
        "generalandadministrativeexpense": 133000000,
        "amortizationofintangibleassets": 6000000,
        "operatingexpenses": 716000000,
        "operatingincomeloss": 149000000,
        "othernonoperatingincomeexpense": -10000000,
        "incomelossfromcontinuingoperationsbeforeincometaxesminorityinterestandincomelossfromequitymethodinvestments": 139000000,
        "incometaxexpensebenefit": -46000000,
        "netincomeloss": 185000000,
        "earningspersharebasic": 0.64,
        "earningspersharediluted": 0.63,
        "weightedaveragenumberofsharesoutstandingbasic": 289000000,
        "weightedaveragenumberofdilutedsharesoutstanding": 293000000,
        "othercomprehensiveincomelossavailableforsalesecuritiesadjustmentnetoftax": -3000000,
        "othercomprehensiveincomelossderivativesqualifyingashedgesnetoftax": -43000000,
        "othercomprehensiveincomelossforeigncurrencytransactionandtranslationadjustmentnetoftax": 9000000,
        "othercomprehensiveincomelossnetoftax": -37000000,
        "comprehensiveincomenetoftax": 148000000
    },
    {
        "date": "2020-06-29",
        "symbol": "EA",
        "period": "Q1",
        "revenues": 1459000000,
        "costofrevenue": 288000000,
        "grossprofit": 1171000000,
        "researchanddevelopmentexpensesoftwareexcludingacquiredinprocesscost": 438000000,
        "sellingandmarketingexpense": 121000000,
        "generalandadministrativeexpense": 136000000,
        "amortizationofintangibleassets": 5000000,
        "operatingexpenses": 700000000,
        "operatingincomeloss": 471000000,
        "othernonoperatingincomeexpense": -3000000,
        "incomelossfromcontinuingoperationsbeforeincometaxesminorityinterestandincomelossfromequitymethodinvestments": 468000000,
        "incometaxexpensebenefit": 103000000,
        "netincomeloss": 365000000,
        "earningspersharebasic": 1.27,
        "earningspersharediluted": 1.25,
        "weightedaveragenumberofsharesoutstandingbasic": 288000000,
        "weightedaveragenumberofdilutedsharesoutstanding": 292000000,
        "othercomprehensiveincomelossavailableforsalesecuritiesadjustmentnetoftax": 11000000,
        "othercomprehensiveincomelossderivativesqualifyingashedgesnetoftax": -37000000,
        "othercomprehensiveincomelossforeigncurrencytransactionandtranslationadjustmentnetoftax": 24000000,
        "othercomprehensiveincomelossnetoftax": -2000000,
        "comprehensiveincomenetoftax": 363000000
    },
    {
        "date": "2020-03-30",
        "symbol": "EA",
        "period": "Q4",
        "revenues": 4655000000,
        "costofrevenue": 1077000000,
        "grossprofit": 1118000000,
        "researchanddevelopmentexpensesoftwareexcludingacquiredinprocesscost": 402000000,
        "sellingandmarketingexpense": 167000000,
        "generalandadministrativeexpense": 142000000,
        "businesscombinationcontingentconsiderationarrangementschangeinamountofcontingentconsiderationliability1": 0,
        "amortizationofintangibleassets": 8000000,
        "operatingexpenses": 717000000,
        "operatingincomeloss": 401000000,
        "othernonoperatingincomeexpense": 13000000,
        "incomelossfromcontinuingoperationsbeforeincometaxesminorityinterestandincomelossfromequitymethodinvestments": 414000000,
        "incometaxexpensebenefit": -4000000,
        "netincomeloss": 418000000,
        "earningspersharebasic": 1.4999999999999991,
        "earningspersharediluted": 1.4600000000000009,
        "weightedaveragenumberofsharesoutstandingbasic": -295000000,
        "weightedaveragenumberofdilutedsharesoutstanding": -296000000,
        "othercomprehensiveincomelossderivativesqualifyingashedgesnetoftax": 21000000,
        "othercomprehensiveincomelossforeigncurrencytransactionandtranslationadjustmentnetoftax": -33000000,
        "othercomprehensiveincomelossnetoftax": -29000000,
        "comprehensiveincomenetoftax": -1020000000
    },
    {
        "date": "2019-12-30",
        "symbol": "EA",
        "period": "Q3",
        "netincomeloss": 346000000,
        "othercomprehensiveincomelossavailableforsalesecuritiesadjustmentnetoftax": -1000000,
        "othercomprehensiveincomelossderivativesqualifyingashedgesnetoftax": -29000000,
        "othercomprehensiveincomelossforeigncurrencytransactionandtranslationadjustmentnetoftax": 7000000,
        "othercomprehensiveincomelossnetoftax": -23000000,
        "comprehensiveincomenetoftax": 323000000,
        "revenues": 701000000,
        "costofrevenue": 216000000,
        "grossprofit": 1085000000,
        "researchanddevelopmentexpensesoftwareexcludingacquiredinprocesscost": 389000000,
        "sellingandmarketingexpense": 202000000,
        "generalandadministrativeexpense": 126000000,
        "businesscombinationcontingentconsiderationarrangementschangeinamountofcontingentconsiderationliability1": 2000000,
        "amortizationofintangibleassets": 5000000,
        "operatingexpenses": 724000000,
        "operatingincomeloss": 361000000,
        "othernonoperatingincomeexpense": 13000000,
        "incomelossfromcontinuingoperationsbeforeincometaxesminorityinterestandincomelossfromequitymethodinvestments": 374000000,
        "incometaxexpensebenefit": 28000000,
        "earningspersharebasic": 1.18,
        "earningspersharediluted": 1.18,
        "weightedaveragenumberofsharesoutstandingbasic": 292000000,
        "weightedaveragenumberofdilutedsharesoutstanding": 294000000
    },
    {
        "date": "2019-09-29",
        "symbol": "EA",
        "period": "Q2",
        "netincomeloss": 854000000,
        "othercomprehensiveincomelossavailableforsalesecuritiesadjustmentnetoftax": 0,
        "othercomprehensiveincomelossderivativesqualifyingashedgesnetoftax": 16000000,
        "othercomprehensiveincomelossforeigncurrencytransactionandtranslationadjustmentnetoftax": -9000000,
        "othercomprehensiveincomelossnetoftax": 19000000,
        "comprehensiveincomenetoftax": 2282000000,
        "revenues": 15000000,
        "costofrevenue": 41000000,
        "grossprofit": 943000000,
        "researchanddevelopmentexpensesoftwareexcludingacquiredinprocesscost": 387000000,
        "sellingandmarketingexpense": 152000000,
        "generalandadministrativeexpense": 128000000,
        "businesscombinationcontingentconsiderationarrangementschangeinamountofcontingentconsiderationliability1": 2000000,
        "amortizationofintangibleassets": 4000000,
        "operatingexpenses": 675000000,
        "operatingincomeloss": 268000000,
        "othernonoperatingincomeexpense": 16000000,
        "incomelossfromcontinuingoperationsbeforeincometaxesminorityinterestandincomelossfromequitymethodinvestments": 284000000,
        "incometaxexpensebenefit": -570000000,
        "earningspersharebasic": 2.91,
        "earningspersharediluted": 2.91,
        "weightedaveragenumberofsharesoutstandingbasic": -1000000,
        "weightedaveragenumberofdilutedsharesoutstanding": -2000000
    },
    {
        "date": "2019-06-29",
        "symbol": "EA",
        "period": "Q1",
        "netincomeloss": 1421000000,
        "othercomprehensiveincomelossavailableforsalesecuritiesadjustmentnetoftax": 3000000,
        "othercomprehensiveincomelossderivativesqualifyingashedgesnetoftax": 9000000,
        "othercomprehensiveincomelossforeigncurrencytransactionandtranslationadjustmentnetoftax": 1000000,
        "othercomprehensiveincomelossnetoftax": 13000000,
        "comprehensiveincomenetoftax": 1434000000,
        "revenues": 166000000,
        "costofrevenue": 35000000,
        "grossprofit": 1022000000,
        "researchanddevelopmentexpensesoftwareexcludingacquiredinprocesscost": 381000000,
        "sellingandmarketingexpense": 110000000,
        "generalandadministrativeexpense": 110000000,
        "businesscombinationcontingentconsiderationarrangementschangeinamountofcontingentconsiderationliability1": 1000000,
        "amortizationofintangibleassets": 5000000,
        "operatingexpenses": 607000000,
        "operatingincomeloss": 415000000,
        "othernonoperatingincomeexpense": 21000000,
        "incomelossfromcontinuingoperationsbeforeincometaxesminorityinterestandincomelossfromequitymethodinvestments": 436000000,
        "incometaxexpensebenefit": -985000000,
        "earningspersharebasic": 4.78,
        "earningspersharediluted": 4.75,
        "weightedaveragenumberofsharesoutstandingbasic": 297000000,
        "weightedaveragenumberofdilutedsharesoutstanding": 299000000
    },
    {
        "date": "2019-03-30",
        "symbol": "EA",
        "period": "Q4",
        "revenues": 726000000,
        "costofrevenue": -70000000,
        "grossprofit": -1778000000,
        "researchanddevelopmentexpensesoftwareexcludingacquiredinprocesscost": 398000000,
        "sellingandmarketingexpense": 229000000,
        "generalandadministrativeexpense": 123000000,
        "amortizationofintangibleassets": 5000000,
        "operatingexpenses": 766000000,
        "operatingincomeloss": -1156000000,
        "othernonoperatingincomeexpense": 23000000,
        "incomelossfromcontinuingoperationsbeforeincometaxesminorityinterestandincomelossfromequitymethodinvestments": -1175000000,
        "incometaxexpensebenefit": -108000000,
        "netincomeloss": -1067000000,
        "earningspersharebasic": -3.51,
        "earningspersharediluted": -3.46,
        "weightedaveragenumberofsharesoutstandingbasic": -610000000,
        "weightedaveragenumberofdilutedsharesoutstanding": -615000000,
        "othercomprehensiveincomelossderivativesqualifyingashedgesnetoftax": -19000000,
        "othercomprehensiveincomelossforeigncurrencytransactionandtranslationadjustmentnetoftax": 2000000,
        "othercomprehensiveincomelossnetoftax": -91000000,
        "comprehensiveincomenetoftax": 122000000
    },
    {
        "date": "2018-12-30",
        "symbol": "EA",
        "period": "Q3",
        "netincomeloss": 143000000,
        "othercomprehensiveincomelossavailableforsalesecuritiesadjustmentnetoftax": 2000000,
        "othercomprehensiveincomelossderivativesqualifyingashedgesnetoftax": 11000000,
        "othercomprehensiveincomelossforeigncurrencytransactionandtranslationadjustmentnetoftax": -11000000,
        "othercomprehensiveincomelossnetoftax": -11000000,
        "comprehensiveincomenetoftax": 264000000,
        "revenues": 519000000,
        "costofrevenue": 48000000,
        "grossprofit": 159000000,
        "researchanddevelopmentexpensesoftwareexcludingacquiredinprocesscost": 334000000,
        "sellingandmarketingexpense": 187000000,
        "generalandadministrativeexpense": 106000000,
        "businesscombinationcontingentconsiderationarrangementschangeinamountofcontingentconsiderationliability1": 1000000,
        "amortizationofintangibleassets": 6000000,
        "operatingexpenses": 634000000,
        "operatingincomeloss": 159000000,
        "othernonoperatingincomeexpense": 23000000,
        "incomelossfromcontinuingoperationsbeforeincometaxesminorityinterestandincomelossfromequitymethodinvestments": 159000000,
        "incometaxexpensebenefit": 16000000,
        "earningspersharebasic": 0.48,
        "earningspersharediluted": 0.47,
        "weightedaveragenumberofsharesoutstandingbasic": 302000000,
        "weightedaveragenumberofdilutedsharesoutstanding": 304000000
    },
    {
        "date": "2018-09-29",
        "symbol": "EA",
        "period": "Q2",
        "netincomeloss": 274000000,
        "othercomprehensiveincomelossavailableforsalesecuritiesadjustmentnetoftax": 1000000,
        "othercomprehensiveincomelossderivativesqualifyingashedgesnetoftax": 3000000,
        "othercomprehensiveincomelossforeigncurrencytransactionandtranslationadjustmentnetoftax": 3000000,
        "othercomprehensiveincomelossnetoftax": 3000000,
        "comprehensiveincomenetoftax": 262000000,
        "revenues": 475000000,
        "costofrevenue": 44000000,
        "grossprofit": 288000000,
        "researchanddevelopmentexpensesoftwareexcludingacquiredinprocesscost": 339000000,
        "sellingandmarketingexpense": 146000000,
        "generalandadministrativeexpense": 117000000,
        "businesscombinationcontingentconsiderationarrangementschangeinamountofcontingentconsiderationliability1": 2000000,
        "amortizationofintangibleassets": 6000000,
        "operatingexpenses": 610000000,
        "operatingincomeloss": 288000000,
        "othernonoperatingincomeexpense": 18000000,
        "incomelossfromcontinuingoperationsbeforeincometaxesminorityinterestandincomelossfromequitymethodinvestments": 288000000,
        "incometaxexpensebenefit": 14000000,
        "earningspersharebasic": 0.9,
        "earningspersharediluted": 0.89,
        "weightedaveragenumberofsharesoutstandingbasic": 305000000,
        "weightedaveragenumberofdilutedsharesoutstanding": 307000000
    },
    {
        "date": "2018-06-29",
        "symbol": "EA",
        "period": "Q1",
        "netincomeloss": 583000000,
        "othercomprehensiveincomelossderivativesqualifyingashedgesnetoftax": 93000000,
        "othercomprehensiveincomelossforeigncurrencytransactionandtranslationadjustmentnetoftax": -15000000,
        "othercomprehensiveincomelossnetoftax": 78000000,
        "comprehensiveincomenetoftax": 371000000,
        "revenues": 186000000,
        "costofrevenue": 166000000,
        "grossprofit": 1250000000,
        "researchanddevelopmentexpensesoftwareexcludingacquiredinprocesscost": 362000000,
        "sellingandmarketingexpense": 140000000,
        "generalandadministrativeexpense": 114000000,
        "amortizationofintangibleassets": 6000000,
        "operatingexpenses": 622000000,
        "operatingincomeloss": 628000000,
        "othernonoperatingincomeexpense": 19000000,
        "incomelossfromcontinuingoperationsbeforeincometaxesminorityinterestandincomelossfromequitymethodinvestments": 647000000,
        "incometaxexpensebenefit": 64000000,
        "earningspersharebasic": 1.91,
        "earningspersharediluted": 1.88,
        "weightedaveragenumberofsharesoutstandingbasic": 306000000,
        "weightedaveragenumberofdilutedsharesoutstanding": 310000000
    },
    {
        "date": "2018-03-30",
        "symbol": "EA",
        "period": "Q4",
        "salesrevenuegoodsnet": 757000000,
        "salesrevenueservicesnet": 825000000,
        "salesrevenuenet": -73000000,
        "costofgoodssold": 106000000,
        "costofservices": 127000000,
        "grossprofit": 1349000000,
        "researchanddevelopmentexpensesoftwareexcludingacquiredinprocesscost": 335000000,
        "sellingandmarketingexpense": 130000000,
        "generalandadministrativeexpense": 126000000,
        "amortizationofintangibleassets": 5000000,
        "operatingexpenses": 596000000,
        "operatingincomeloss": 753000000,
        "othernonoperatingincomeexpense": 1000000,
        "incomelossfromcontinuingoperationsbeforeincometaxesminorityinterestandincomelossfromequitymethodinvestments": 754000000,
        "incometaxexpensebenefit": -48000000,
        "netincomeloss": 607000000,
        "earningspersharebasic": 1.9800000000000004,
        "earningspersharediluted": 1.9499999999999997,
        "weightedaveragenumberofsharesoutstandingbasic": -618000000,
        "weightedaveragenumberofdilutedsharesoutstanding": -618000000,
        "othercomprehensiveincomelossderivativesqualifyingashedgesnetoftax": -25000000,
        "othercomprehensiveincomelossforeigncurrencytransactionandtranslationadjustmentnetoftax": -6000000,
        "othercomprehensiveincomelossnetoftax": -6000000,
        "comprehensiveincomenetoftax": 683000000
    },
    {
        "date": "2017-12-30",
        "symbol": "EA",
        "period": "Q3",
        "netincomeloss": -186000000,
        "othercomprehensiveincomelossavailableforsalesecuritiesadjustmentnetoftax": -4000000,
        "othercomprehensiveincomelossderivativesqualifyingashedgesnetoftax": -6000000,
        "othercomprehensiveincomelossforeigncurrencytransactionandtranslationadjustmentnetoftax": -12000000,
        "othercomprehensiveincomelossnetoftax": -12000000,
        "comprehensiveincomenetoftax": -208000000,
        "salesrevenuegoodsnet": 547000000,
        "salesrevenueservicesnet": 613000000,
        "salesrevenuenet": 1160000000,
        "costofgoodssold": 352000000,
        "costofservices": 149000000,
        "costofrevenue": 501000000,
        "grossprofit": 659000000,
        "researchanddevelopmentexpensesoftwareexcludingacquiredinprocesscost": 329000000,
        "sellingandmarketingexpense": 230000000,
        "generalandadministrativeexpense": 120000000,
        "amortizationofintangibleassets": 1000000,
        "operatingexpenses": 680000000,
        "operatingincomeloss": -21000000,
        "othernonoperatingincomeexpense": 5000000,
        "incomelossfromcontinuingoperationsbeforeincometaxesminorityinterestandincomelossfromequitymethodinvestments": -16000000,
        "incometaxexpensebenefit": 151000000,
        "earningspersharebasic": -0.6,
        "earningspersharediluted": -0.6,
        "weightedaveragenumberofsharesoutstandingbasic": 308000000,
        "weightedaveragenumberofdilutedsharesoutstanding": 308000000
    },
    {
        "date": "2017-09-29",
        "symbol": "EA",
        "period": "Q2",
        "netincomeloss": -22000000,
        "othercomprehensiveincomelossderivativesqualifyingashedgesnetoftax": -34000000,
        "othercomprehensiveincomelossforeigncurrencytransactionandtranslationadjustmentnetoftax": 32000000,
        "othercomprehensiveincomelossnetoftax": 32000000,
        "comprehensiveincomenetoftax": -24000000,
        "salesrevenuegoodsnet": 454000000,
        "salesrevenueservicesnet": 505000000,
        "salesrevenuenet": 959000000,
        "costofgoodssold": 300000000,
        "costofservices": 89000000,
        "costofrevenue": 389000000,
        "grossprofit": 570000000,
        "researchanddevelopmentexpensesoftwareexcludingacquiredinprocesscost": 331000000,
        "sellingandmarketingexpense": 160000000,
        "generalandadministrativeexpense": 118000000,
        "amortizationofintangibleassets": 2000000,
        "operatingexpenses": 611000000,
        "operatingincomeloss": -41000000,
        "othernonoperatingincomeexpense": 3000000,
        "incomelossfromcontinuingoperationsbeforeincometaxesminorityinterestandincomelossfromequitymethodinvestments": -38000000,
        "incometaxexpensebenefit": -16000000,
        "earningspersharebasic": -0.07,
        "earningspersharediluted": -0.07,
        "weightedaveragenumberofsharesoutstandingbasic": 309000000,
        "weightedaveragenumberofdilutedsharesoutstanding": 309000000
    },
    {
        "date": "2017-06-29",
        "symbol": "EA",
        "period": "Q1",
        "netincomeloss": 644000000,
        "othercomprehensiveincomelossderivativesqualifyingashedgesnetoftax": -56000000,
        "othercomprehensiveincomelossforeigncurrencytransactionandtranslationadjustmentnetoftax": 4000000,
        "othercomprehensiveincomelossnetoftax": 4000000,
        "comprehensiveincomenetoftax": 592000000,
        "salesrevenuegoodsnet": 828000000,
        "salesrevenueservicesnet": 621000000,
        "salesrevenuenet": 1449000000,
        "costofgoodssold": 64000000,
        "costofservices": 90000000,
        "costofrevenue": 154000000,
        "grossprofit": 1295000000,
        "researchanddevelopmentexpensesoftwareexcludingacquiredinprocesscost": 325000000,
        "sellingandmarketingexpense": 121000000,
        "generalandadministrativeexpense": 105000000,
        "amortizationofintangibleassets": 1000000,
        "operatingexpenses": 552000000,
        "operatingincomeloss": 743000000,
        "othernonoperatingincomeexpense": 6000000,
        "incomelossfromcontinuingoperationsbeforeincometaxesminorityinterestandincomelossfromequitymethodinvestments": 749000000,
        "incometaxexpensebenefit": 105000000,
        "earningspersharebasic": 2.08,
        "earningspersharediluted": 2.06,
        "weightedaveragenumberofsharesoutstandingbasic": 309000000,
        "weightedaveragenumberofdilutedsharesoutstanding": 313000000
    },
    {
        "date": "2016-12-30",
        "symbol": "EA",
        "period": "Q3",
        "netincomeloss": -1000000,
        "othercomprehensiveincomeunrealizedholdinggainlossonsecuritiesarisingduringperiodnetoftax": -5000000,
        "othercomprehensiveincomeunrealizedgainlossonderivativesarisingduringperiodnetoftax": 39000000,
        "othercomprehensiveincomelossreclassificationadjustmentfromaocionderivativesnetoftax": 8000000,
        "othercomprehensiveincomelossforeigncurrencytransactionandtranslationadjustmentnetoftax": -17000000,
        "othercomprehensiveincomelossnetoftax": -17000000,
        "comprehensiveincomenetoftax": 8000000,
        "salesrevenuegoodsnet": 649000000,
        "salesrevenueservicesnet": 500000000,
        "salesrevenuenet": 1149000000,
        "costofgoodssold": 389000000,
        "costofservices": 127000000,
        "costofrevenue": 516000000,
        "grossprofit": 633000000,
        "researchanddevelopmentexpensesoftwareexcludingacquiredinprocesscost": 285000000,
        "sellingandmarketingexpense": 240000000,
        "generalandadministrativeexpense": 110000000,
        "amortizationofintangibleassets": 2000000,
        "operatingexpenses": 637000000,
        "operatingincomeloss": -4000000,
        "othernonoperatingincomeexpense": -2000000,
        "incomelossfromcontinuingoperationsbeforeincometaxesminorityinterestandincomelossfromequitymethodinvestments": -6000000,
        "incometaxexpensebenefit": -5000000,
        "earningspersharebasic": 0,
        "earningspersharediluted": 0.010000000000000231,
        "weightedaveragenumberofsharesoutstandingbasic": -300000000,
        "weightedaveragenumberofdilutedsharesoutstanding": -302000000
    },
    {
        "date": "2016-09-29",
        "symbol": "EA",
        "period": "Q2",
        "netincomeloss": -38000000,
        "othercomprehensiveincomeunrealizedholdinggainlossonsecuritiesarisingduringperiodnetoftax": -1000000,
        "othercomprehensiveincomelossreclassificationadjustmentfromaociforsaleofsecuritiesnetoftax": 1000000,
        "othercomprehensiveincomeunrealizedgainlossonderivativesarisingduringperiodnetoftax": -1000000,
        "othercomprehensiveincomelossreclassificationadjustmentfromaocionderivativesnetoftax": 4000000,
        "othercomprehensiveincomelossforeigncurrencytransactionandtranslationadjustmentnetoftax": -6000000,
        "othercomprehensiveincomelossnetoftax": -6000000,
        "comprehensiveincomenetoftax": -51000000,
        "salesrevenuegoodsnet": 420000000,
        "salesrevenueservicesnet": 478000000,
        "salesrevenuenet": 898000000,
        "costofgoodssold": 317000000,
        "costofservices": 84000000,
        "costofrevenue": 401000000,
        "grossprofit": 497000000,
        "researchanddevelopmentexpensesoftwareexcludingacquiredinprocesscost": 291000000,
        "sellingandmarketingexpense": 143000000,
        "generalandadministrativeexpense": 111000000,
        "amortizationofintangibleassets": 1000000,
        "operatingexpenses": 546000000,
        "operatingincomeloss": -49000000,
        "othernonoperatingincomeexpense": -3000000,
        "incomelossfromcontinuingoperationsbeforeincometaxesminorityinterestandincomelossfromequitymethodinvestments": -52000000,
        "incometaxexpensebenefit": -14000000,
        "earningspersharebasic": -0.13,
        "earningspersharediluted": -0.13,
        "weightedaveragenumberofsharesoutstandingbasic": 301000000,
        "weightedaveragenumberofdilutedsharesoutstanding": 301000000
    },
    {
        "date": "2016-06-29",
        "symbol": "EA",
        "period": "Q1",
        "netincomeloss": 440000000,
        "othercomprehensiveincomeunrealizedholdinggainlossonsecuritiesarisingduringperiodnetoftax": 2000000,
        "othercomprehensiveincomeunrealizedgainlossonderivativesarisingduringperiodnetoftax": 28000000,
        "othercomprehensiveincomelossreclassificationadjustmentfromaocionderivativesnetoftax": 6000000,
        "othercomprehensiveincomelossforeigncurrencytransactionandtranslationadjustmentnetoftax": -5000000,
        "othercomprehensiveincomelossnetoftax": -5000000,
        "comprehensiveincomenetoftax": 459000000,
        "salesrevenuegoodsnet": 684000000,
        "salesrevenueservicesnet": 587000000,
        "salesrevenuenet": 1271000000,
        "costofgoodssold": 90000000,
        "costofservices": 89000000,
        "costofrevenue": 179000000,
        "grossprofit": 1092000000,
        "researchanddevelopmentexpensesoftwareexcludingacquiredinprocesscost": 294000000,
        "sellingandmarketingexpense": 128000000,
        "generalandadministrativeexpense": 108000000,
        "amortizationofintangibleassets": 2000000,
        "operatingexpenses": 532000000,
        "operatingincomeloss": 560000000,
        "othernonoperatingincomeexpense": -8000000,
        "incomelossfromcontinuingoperationsbeforeincometaxesminorityinterestandincomelossfromequitymethodinvestments": 552000000,
        "incometaxexpensebenefit": 112000000,
        "earningspersharebasic": 1.46,
        "earningspersharediluted": 1.4,
        "weightedaveragenumberofsharesoutstandingbasic": 301000000,
        "weightedaveragenumberofdilutedsharesoutstanding": 315000000
    },
    {
        "date": "2015-12-30",
        "symbol": "EA",
        "period": "Q3",
        "netincomeloss": -45000000,
        "othercomprehensiveincomeunrealizedholdinggainlossonsecuritiesarisingduringperiodnetoftax": -4000000,
        "othercomprehensiveincomelossreclassificationadjustmentfromaociforsaleofsecuritiesnetoftax": -1000000,
        "othercomprehensiveincomeunrealizedgainlossonderivativesarisingduringperiodnetoftax": 10000000,
        "othercomprehensiveincomelossreclassificationadjustmentfromaocionderivativesnetoftax": 4000000,
        "othercomprehensiveincomelossforeigncurrencytransactionandtranslationadjustmentnetoftax": -16000000,
        "othercomprehensiveincomelossnetoftax": -16000000,
        "comprehensiveincomenetoftax": -58000000,
        "salesrevenuegoodsnet": 625000000,
        "salesrevenueservicesnet": 445000000,
        "salesrevenuenet": 571000000,
        "costofgoodssold": 439000000,
        "costofservices": 107000000,
        "costofrevenue": 546000000,
        "grossprofit": 524000000,
        "researchanddevelopmentexpensesoftwareexcludingacquiredinprocesscost": 266000000,
        "sellingandmarketingexpense": 190000000,
        "generalandadministrativeexpense": 97000000,
        "amortizationofintangibleassets": 2000000,
        "operatingexpenses": 555000000,
        "operatingincomeloss": -31000000,
        "othernonoperatingincomeexpense": 1000000,
        "incomelossfromcontinuingoperationsbeforeincometaxesminorityinterestandincomelossfromequitymethodinvestments": -30000000,
        "incometaxexpensebenefit": 15000000,
        "earningspersharebasic": -0.14,
        "earningspersharediluted": -0.14,
        "weightedaveragenumberofsharesoutstandingbasic": 311000000,
        "weightedaveragenumberofdilutedsharesoutstanding": 311000000
    },
    {
        "date": "2015-09-29",
        "symbol": "EA",
        "period": "Q2",
        "netincomeloss": -140000000,
        "othercomprehensiveincomeunrealizedholdinggainlossonsecuritiesarisingduringperiodnetoftax": 2000000,
        "othercomprehensiveincomelossreclassificationadjustmentfromaociforsaleofsecuritiesnetoftax": 1000000,
        "othercomprehensiveincomeunrealizedgainlossonderivativesarisingduringperiodnetoftax": 5000000,
        "othercomprehensiveincomelossreclassificationadjustmentfromaocionderivativesnetoftax": 4000000,
        "othercomprehensiveincomelossforeigncurrencytransactionandtranslationadjustmentnetoftax": -32000000,
        "othercomprehensiveincomelossnetoftax": -32000000,
        "comprehensiveincomenetoftax": -170000000,
        "salesrevenuegoodsnet": 434000000,
        "salesrevenueservicesnet": 381000000,
        "salesrevenuenet": 332000000,
        "costofgoodssold": 335000000,
        "costofservices": 74000000,
        "costofrevenue": 409000000,
        "grossprofit": 406000000,
        "researchanddevelopmentexpensesoftwareexcludingacquiredinprocesscost": 265000000,
        "sellingandmarketingexpense": 156000000,
        "generalandadministrativeexpense": 101000000,
        "amortizationofintangibleassets": 3000000,
        "operatingexpenses": 525000000,
        "operatingincomeloss": -119000000,
        "othernonoperatingincomeexpense": -9000000,
        "incomelossfromcontinuingoperationsbeforeincometaxesminorityinterestandincomelossfromequitymethodinvestments": -128000000,
        "incometaxexpensebenefit": 12000000,
        "earningspersharebasic": -0.45,
        "earningspersharediluted": -0.45,
        "weightedaveragenumberofsharesoutstandingbasic": 312000000,
        "weightedaveragenumberofdilutedsharesoutstanding": 312000000
    },
    {
        "date": "2015-06-29",
        "symbol": "EA",
        "period": "Q1",
        "netincomeloss": 442000000,
        "othercomprehensiveincomeunrealizedholdinggainlossonsecuritiesarisingduringperiodnetoftax": -1000000,
        "othercomprehensiveincomeunrealizedgainlossonderivativesarisingduringperiodnetoftax": -13000000,
        "othercomprehensiveincomelossreclassificationadjustmentfromaocionderivativesnetoftax": 3000000,
        "othercomprehensiveincomelossforeigncurrencytransactionandtranslationadjustmentnetoftax": 1000000,
        "othercomprehensiveincomelossnetoftax": 1000000,
        "comprehensiveincomenetoftax": 426000000,
        "salesrevenuegoodsnet": 743000000,
        "salesrevenueservicesnet": 460000000,
        "salesrevenuenet": 487000000,
        "costofgoodssold": 94000000,
        "costofservices": 79000000,
        "costofrevenue": 173000000,
        "grossprofit": 1030000000,
        "researchanddevelopmentexpensesoftwareexcludingacquiredinprocesscost": 296000000,
        "sellingandmarketingexpense": 123000000,
        "generalandadministrativeexpense": 98000000,
        "amortizationofintangibleassets": 1000000,
        "operatingexpenses": 518000000,
        "operatingincomeloss": 512000000,
        "othernonoperatingincomeexpense": -3000000,
        "incomelossfromcontinuingoperationsbeforeincometaxesminorityinterestandincomelossfromequitymethodinvestments": 509000000,
        "incometaxexpensebenefit": 67000000,
        "earningspersharebasic": 1.42,
        "earningspersharediluted": 1.32,
        "weightedaveragenumberofsharesoutstandingbasic": 311000000,
        "weightedaveragenumberofdilutedsharesoutstanding": 335000000
    },
    {
        "date": "2014-12-30",
        "symbol": "EA",
        "period": "Q3",
        "netincomeloss": 142000000,
        "othercomprehensiveincomeunrealizedgainlossonderivativesarisingduringperiodnetoftax": 1000000,
        "othercomprehensiveincomelossreclassificationadjustmentfromaocionderivativesnetoftax": -1000000,
        "othercomprehensiveincomelossforeigncurrencytransactionandtranslationadjustmentnetoftax": -30000000,
        "othercomprehensiveincomelossnetoftax": -48000000,
        "comprehensiveincomenetoftax": 112000000,
        "salesrevenuenet": -7000000,
        "costofrevenue": 401000000,
        "grossprofit": 725000000,
        "researchanddevelopmentexpensesoftwareexcludingacquiredinprocesscost": 283000000,
        "sellingandmarketingexpense": 169000000,
        "generalandadministrativeexpense": 107000000,
        "businesscombinationcontingentconsiderationarrangementschangeinamountofcontingentconsiderationliability1": -2000000,
        "amortizationofintangibleassets": -2000000,
        "operatingexpenses": 563000000,
        "operatingincomeloss": -123000000,
        "othernonoperatingincomeexpense": -6000000,
        "incomelossfromcontinuingoperationsbeforeincometaxesminorityinterestandincomelossfromequitymethodinvestments": 156000000,
        "incometaxexpensebenefit": 14000000,
        "earningspersharebasic": 0.45999999999999996,
        "earningspersharediluted": 0.43999999999999995,
        "weightedaveragenumberofsharesoutstandingbasic": -314000000,
        "weightedaveragenumberofdilutedsharesoutstanding": -322000000
    },
    {
        "date": "2014-09-29",
        "symbol": "EA",
        "period": "Q2",
        "netincomeloss": 3000000,
        "othercomprehensiveincomeunrealizedgainlossonderivativesarisingduringperiodnetoftax": 11000000,
        "othercomprehensiveincomelossreclassificationadjustmentfromaocionderivativesnetoftax": -2000000,
        "othercomprehensiveincomelossforeigncurrencytransactionandtranslationadjustmentnetoftax": -21000000,
        "othercomprehensiveincomelossnetoftax": 13000000,
        "comprehensiveincomenetoftax": -5000000,
        "salesrevenueproductnet": 536000000,
        "salesrevenueserviceothernet": 454000000,
        "salesrevenuenet": 508000000,
        "costofrevenueproduct": 347000000,
        "costofrevenueserviceother": 80000000,
        "costofrevenue": 427000000,
        "grossprofit": 563000000,
        "researchanddevelopmentexpensesoftwareexcludingacquiredinprocesscost": 261000000,
        "sellingandmarketingexpense": 183000000,
        "generalandadministrativeexpense": 92000000,
        "businesscombinationcontingentconsiderationarrangementschangeinamountofcontingentconsiderationliability1": -1000000,
        "amortizationofintangibleassets": 9000000,
        "operatingexpenses": 539000000,
        "operatingincomeloss": 309000000,
        "othernonoperatingincomeexpense": -6000000,
        "incomelossfromcontinuingoperationsbeforeincometaxesminorityinterestandincomelossfromequitymethodinvestments": 18000000,
        "incometaxexpensebenefit": 15000000,
        "earningspersharebasic": 0.01,
        "earningspersharediluted": 0.01,
        "weightedaveragenumberofsharesoutstandingbasic": 313000000,
        "weightedaveragenumberofdilutedsharesoutstanding": 322000000
    },
    {
        "date": "2014-06-29",
        "symbol": "EA",
        "period": "Q1",
        "netincomeloss": 335000000,
        "othercomprehensiveincomeunrealizedgainlossonderivativesarisingduringperiodnetoftax": -1000000,
        "othercomprehensiveincomelossreclassificationadjustmentfromaocionderivativesnetoftax": -5000000,
        "othercomprehensiveincomelossforeigncurrencytransactionandtranslationadjustmentnetoftax": 20000000,
        "othercomprehensiveincomelossnetoftax": 4000000,
        "comprehensiveincomenetoftax": 359000000,
        "salesrevenueproductnet": 757000000,
        "salesrevenueserviceothernet": 457000000,
        "salesrevenuenet": 536000000,
        "costofrevenueproduct": 252000000,
        "costofrevenueserviceother": 115000000,
        "costofrevenue": 367000000,
        "grossprofit": 847000000,
        "researchanddevelopmentexpensesoftwareexcludingacquiredinprocesscost": 265000000,
        "sellingandmarketingexpense": 130000000,
        "generalandadministrativeexpense": 88000000,
        "businesscombinationcontingentconsiderationarrangementschangeinamountofcontingentconsiderationliability1": 1000000,
        "amortizationofintangibleassets": 4000000,
        "operatingexpenses": 485000000,
        "operatingincomeloss": 362000000,
        "othernonoperatingincomeexpense": -8000000,
        "incomelossfromcontinuingoperationsbeforeincometaxesminorityinterestandincomelossfromequitymethodinvestments": 354000000,
        "incometaxexpensebenefit": 19000000,
        "earningspersharebasic": 1.07,
        "earningspersharediluted": 1.04,
        "weightedaveragenumberofsharesoutstandingbasic": 313000000,
        "weightedaveragenumberofdilutedsharesoutstanding": 322000000
    },
    {
        "date": "2013-12-30",
        "symbol": "EA",
        "period": "Q3",
        "netincomeloss": -308000000,
        "othercomprehensiveincomeunrealizedgainlossonderivativesarisingduringperiodnetoftax": -4000000,
        "othercomprehensiveincomelossforeigncurrencytransactionandtranslationadjustmentnetoftax": -9000000,
        "othercomprehensiveincomelossnetoftax": 14000000,
        "comprehensiveincomenetoftax": -318000000,
        "salesrevenueproductnet": 485000000,
        "salesrevenueserviceothernet": 323000000,
        "salesrevenuenet": 838000000,
        "costofrevenueproduct": 438000000,
        "costofrevenueserviceother": 79000000,
        "costofrevenue": 517000000,
        "grossprofit": 291000000,
        "researchanddevelopmentexpensesoftwareexcludingacquiredinprocesscost": 275000000,
        "sellingandmarketingexpense": 214000000,
        "generalandadministrativeexpense": 91000000,
        "amortizationofintangibleassets": 4000000,
        "restructuringandothercharges": -1000000,
        "operatingexpenses": 583000000,
        "operatingincomeloss": 175000000,
        "othernonoperatingincomeexpense": -6000000,
        "incomelossfromcontinuingoperationsbeforeincometaxesminorityinterestandincomelossfromequitymethodinvestments": -298000000,
        "incometaxexpensebenefit": 10000000,
        "earningspersharebasicanddiluted": -1.0099999999999998,
        "weightedaveragenumberofsharesoutstandingbasic": -305000000
    },
    {
        "date": "2013-09-29",
        "symbol": "EA",
        "period": "Q2",
        "netincomeloss": -273000000,
        "othercomprehensiveincomeunrealizedholdinggainlossonsecuritiesarisingduringperiodnetoftax": 1000000,
        "othercomprehensiveincomeunrealizedgainlossonderivativesarisingduringperiodnetoftax": -9000000,
        "othercomprehensiveincomelossforeigncurrencytransactionandtranslationadjustmentnetoftax": 14000000,
        "othercomprehensiveincomelossnetoftax": -9000000,
        "comprehensiveincomenetoftax": -267000000,
        "salesrevenueproductnet": 350000000,
        "salesrevenueserviceothernet": 345000000,
        "salesrevenuenet": 22000000,
        "costofrevenueproduct": 341000000,
        "costofrevenueserviceother": 72000000,
        "costofrevenue": 413000000,
        "grossprofit": 282000000,
        "researchanddevelopmentexpensesoftwareexcludingacquiredinprocesscost": 283000000,
        "sellingandmarketingexpense": 164000000,
        "generalandadministrativeexpense": 129000000,
        "businesscombinationcontingentconsiderationarrangementschangeinamountofcontingentconsiderationliability1": 44000000,
        "amortizationofintangibleassets": 4000000,
        "restructuringandothercharges": -2000000,
        "operatingexpenses": 534000000,
        "operatingincomeloss": 311000000,
        "othernonoperatingincomeexpense": -8000000,
        "incomelossfromcontinuingoperationsbeforeincometaxesminorityinterestandincomelossfromequitymethodinvestments": -260000000,
        "incometaxexpensebenefit": 13000000,
        "earningspersharebasicanddiluted": -0.89,
        "weightedaveragenumberofsharesoutstandingbasic": 308000000
    },
    {
        "date": "2013-06-29",
        "symbol": "EA",
        "period": "Q1",
        "netincomeloss": 222000000,
        "othercomprehensiveincomeunrealizedholdinggainlossonsecuritiesarisingduringperiodnetoftax": -1000000,
        "othercomprehensiveincomeunrealizedgainlossonderivativesarisingduringperiodnetoftax": -2000000,
        "othercomprehensiveincomelossreclassificationadjustmentonderivativesincludedinnetincomenetoftax": 2000000,
        "othercomprehensiveincomelossforeigncurrencytransactionandtranslationadjustmentnetoftax": -12000000,
        "othercomprehensiveincomelossnetoftax": -12000000,
        "comprehensiveincomenetoftax": 209000000,
        "salesrevenueproductnet": 543000000,
        "salesrevenueserviceothernet": 406000000,
        "salesrevenuenet": 482000000,
        "costofrevenueproduct": 130000000,
        "costofrevenueserviceother": 64000000,
        "costofrevenue": 194000000,
        "grossprofit": 755000000,
        "researchanddevelopmentexpensesoftwareexcludingacquiredinprocesscost": 278000000,
        "sellingandmarketingexpense": 147000000,
        "generalandadministrativeexpense": 85000000,
        "businesscombinationcontingentconsiderationarrangementschangeinamountofcontingentconsiderationliability": -7000000,
        "amortizationofintangibleassets": 19000000,
        "restructuringandothercharges": 1000000,
        "operatingexpenses": 522000000,
        "operatingincomeloss": 27000000,
        "othernonoperatingincomeexpense": -5000000,
        "incomelossfromcontinuingoperationsbeforeincometaxesminorityinterestandincomelossfromequitymethodinvestments": 228000000,
        "incometaxexpensebenefit": 6000000,
        "earningspersharebasicanddiluted": 0.73,
        "earningspersharediluted": 0.71,
        "weightedaveragenumberofsharesoutstandingbasic": 304000000,
        "weightedaveragenumberofdilutedsharesoutstanding": 312000000
    },
    {
        "date": "2013-03-30",
        "symbol": "EA",
        "period": "Q4",
        "salesrevenueproductnet": 852000000,
        "salesrevenueserviceothernet": 357000000,
        "salesrevenuenet": 1021000000,
        "costofrevenueproduct": 219000000,
        "costofrevenueserviceother": 90000000,
        "grossprofit": 900000000,
        "researchanddevelopmentexpensesoftwareexcludingacquiredinprocesscost": 263000000,
        "sellingandmarketingexpense": 217000000,
        "generalandadministrativeexpense": 101000000,
        "amortizationofintangibleassets": 16000000,
        "restructuringandothercharges": -54000000,
        "operatingexpenses": 591000000,
        "operatingincomeloss": -521000000,
        "othernonoperatingincomeexpense": -4000000,
        "incomelossfromcontinuingoperationsbeforeincometaxesminorityinterestandincomelossfromequitymethodinvestments": 330000000,
        "incometaxexpensebenefit": 7000000,
        "netincomeloss": 323000000,
        "othercomprehensiveincomeunrealizedholdinggainlossonsecuritiesarisingduringperiodnetoftax": -12000000,
        "othercomprehensiveincomelossforeigncurrencytransactionandtranslationadjustmentnetoftax": -16000000,
        "othercomprehensiveincomelossnetoftax": -50000000,
        "comprehensiveincomenetoftax": 273000000
    },
    {
        "date": "2012-12-30",
        "symbol": "EA",
        "period": "Q3",
        "netincomeloss": -45000000,
        "othercomprehensiveincomeunrealizedholdinggainlossonsecuritiesarisingduringperiodnetoftax": -9000000,
        "othercomprehensiveincomereclassificationadjustmentforsaleandorwritedownofsecuritiesincludedinnetincomenetoftax": -15000000,
        "othercomprehensiveincomeunrealizedgainlossonderivativesarisingduringperiodnetoftax": -2000000,
        "othercomprehensiveincomelossreclassificationadjustmentonderivativesincludedinnetincomenetoftax": 1000000,
        "othercomprehensiveincomelossforeigncurrencytransactionandtranslationadjustmentnetoftax": -5000000,
        "othercomprehensiveincomelossnetoftax": -30000000,
        "comprehensiveincomenetoftax": -75000000,
        "salesrevenueproductnet": 703000000,
        "salesrevenueserviceothernet": 219000000,
        "salesrevenuenet": 568000000,
        "costofrevenueproduct": 363000000,
        "costofrevenueserviceother": 66000000,
        "costofrevenue": 429000000,
        "grossprofit": 493000000,
        "researchanddevelopmentexpensesoftwareexcludingacquiredinprocesscost": 286000000,
        "sellingandmarketingexpense": 214000000,
        "generalandadministrativeexpense": 68000000,
        "businesscombinationcontingentconsiderationarrangementschangeinamountofcontingentconsiderationliability": 45000000,
        "amortizationofintangibleassets": 8000000,
        "restructuringandothercharges": 2000000,
        "operatingexpenses": 532000000,
        "operatingincomeloss": 398000000,
        "realizedgainslossesonstrategicinvestments": 14000000,
        "othernonoperatingincomeexpense": -8000000,
        "incomelossfromcontinuingoperationsbeforeincometaxesminorityinterestandincomelossfromequitymethodinvestments": -33000000,
        "incometaxexpensebenefit": 12000000,
        "earningspersharebasicanddiluted": -0.15,
        "weightedaveragenumberofsharesoutstandingbasic": 304000000
    },
    {
        "date": "2012-09-29",
        "symbol": "EA",
        "period": "Q2",
        "netincomeloss": -381000000,
        "othercomprehensiveincomeunrealizedholdinggainlossonsecuritiesarisingduringperiodnetoftax": 17000000,
        "othercomprehensiveincomelossreclassificationadjustmentonderivativesincludedinnetincomenetoftax": 0,
        "othercomprehensiveincomelossforeigncurrencytransactionandtranslationadjustmentnetoftax": 19000000,
        "othercomprehensiveincomelossnetoftax": 34000000,
        "comprehensiveincomenetoftax": -347000000,
        "salesrevenueproductnet": 481000000,
        "salesrevenueserviceothernet": 230000000,
        "salesrevenuenet": 74000000,
        "costofrevenueproduct": 371000000,
        "costofrevenueserviceother": 74000000,
        "costofrevenue": 445000000,
        "grossprofit": 266000000,
        "researchanddevelopmentexpensesoftwareexcludingacquiredinprocesscost": 314000000,
        "sellingandmarketingexpense": 212000000,
        "generalandadministrativeexpense": 99000000,
        "businesscombinationcontingentconsiderationarrangementschangeinamountofcontingentconsiderationliability": 0,
        "amortizationofintangibleassets": -8000000,
        "restructuringandothercharges": -2000000,
        "operatingexpenses": 630000000,
        "operatingincomeloss": 254000000,
        "othernonoperatingincomeexpense": -4000000,
        "incomelossfromcontinuingoperationsbeforeincometaxesminorityinterestandincomelossfromequitymethodinvestments": -368000000,
        "incometaxexpensebenefit": 13000000,
        "weightedaveragenumberofsharesoutstandingbasic": 0
    },
    {
        "date": "2012-06-29",
        "symbol": "EA",
        "period": "Q1",
        "netincomeloss": 201000000,
        "othercomprehensiveincomeunrealizedholdinggainlossonsecuritiesarisingduringperiodnetoftax": -42000000,
        "othercomprehensiveincomelossreclassificationadjustmentonderivativesincludedinnetincomenetoftax": 1000000,
        "othercomprehensiveincomelossforeigncurrencytransactionandtranslationadjustmentnetoftax": -17000000,
        "othercomprehensiveincomelossnetoftax": -58000000,
        "comprehensiveincomenetoftax": 143000000,
        "salesrevenueproductnet": 702000000,
        "salesrevenueserviceothernet": 253000000,
        "salesrevenuenet": 592000000,
        "costofrevenueproduct": 132000000,
        "costofrevenueserviceother": 73000000,
        "costofrevenue": 205000000,
        "grossprofit": 750000000,
        "researchanddevelopmentexpensesoftwareexcludingacquiredinprocesscost": 290000000,
        "sellingandmarketingexpense": 145000000,
        "generalandadministrativeexpense": 86000000,
        "businesscombinationcontingentconsiderationarrangementschangeinamountofcontingentconsiderationliability": 20000000,
        "amortizationofintangibleassets": 22000000,
        "restructuringandothercharges": 27000000,
        "operatingexpenses": 535000000,
        "operatingincomeloss": -10000000,
        "othernonoperatingincomeexpense": -5000000,
        "incomelossfromcontinuingoperationsbeforeincometaxesminorityinterestandincomelossfromequitymethodinvestments": 210000000,
        "incometaxexpensebenefit": 9000000,
        "earningspersharebasic": 0.63,
        "earningspersharediluted": 0.63,
        "weightedaveragenumberofsharesoutstandingbasic": 317000000,
        "weightedaveragenumberofdilutedsharesoutstanding": 320000000
    },
    {
        "date": "2012-03-30",
        "symbol": "EA",
        "period": "Q4",
        "salesrevenuenet": 419000000,
        "costofgoodsandservicessold": 374000000,
        "grossprofit": 994000000,
        "researchanddevelopmentexpensesoftwareexcludingacquiredinprocesscost": 284000000,
        "sellingandmarketingexpense": 222000000,
        "generalandadministrativeexpense": 115000000,
        "businesscombinationcontingentconsiderationarrangementschangeinamountofcontingentconsiderationliability": 19000000,
        "amortizationofintangibleassets": 6000000,
        "operatingexpenses": 629000000,
        "operatingincomeloss": 256000000,
        "othernonoperatingincomeexpense": -4000000,
        "incomelossfromcontinuingoperationsbeforeincometaxesminorityinterestandincomelossfromequitymethodinvestments": 361000000,
        "incometaxexpensebenefit": -116000000,
        "netincomeloss": 400000000
    },
    {
        "date": "2011-12-30",
        "symbol": "EA",
        "period": "Q3",
        "salesrevenuenet": 495000000,
        "costofgoodsandservicessold": 552000000,
        "grossprofit": 509000000,
        "sellingandmarketingexpense": 269000000,
        "generalandadministrativeexpense": 98000000,
        "researchanddevelopmentexpensesoftwareexcludingacquiredinprocesscost": 325000000,
        "amortizationofintangibleassets": 11000000,
        "businesscombinationcontingentconsiderationarrangementschangeinamountofcontingentconsiderationliability": 11000000,
        "restructuringandothercharges": 0,
        "operatingexpenses": 692000000,
        "operatingincomeloss": 652000000,
        "othernonoperatingincomeexpense": -10000000,
        "incomelossfromcontinuingoperationsbeforeincometaxesminorityinterestandincomelossfromequitymethodinvestments": -193000000,
        "incometaxexpensebenefit": -6000000,
        "netincomeloss": -205000000
    },
    {
        "date": "2011-09-29",
        "symbol": "EA",
        "period": "Q2",
        "salesrevenuenet": 234000000,
        "costofgoodsandservicessold": 432000000,
        "grossprofit": 283000000,
        "sellingandmarketingexpense": 222000000,
        "generalandadministrativeexpense": 88000000,
        "researchanddevelopmentexpensesoftwareexcludingacquiredinprocesscost": 318000000,
        "amortizationofintangibleassets": 13000000,
        "businesscombinationcontingentconsiderationarrangementschangeinamountofcontingentconsiderationliability": -17000000,
        "restructuringandothercharges": -1000000,
        "operatingexpenses": 657000000,
        "operatingincomeloss": 192000000,
        "othernonoperatingincomeexpense": -6000000,
        "incomelossfromcontinuingoperationsbeforeincometaxesminorityinterestandincomelossfromequitymethodinvestments": -380000000,
        "incometaxexpensebenefit": 55000000,
        "netincomeloss": -340000000,
        "earningspersharebasicanddiluted": -1.03,
        "weightedaveragetotalnumberofsharesoutstandingbasicanddiluted": 331000000
    },
    {
        "date": "2011-06-29",
        "symbol": "EA",
        "period": "Q1",
        "salesrevenuenet": 11000000,
        "costofgoodsandservicessold": 240000000,
        "grossprofit": 759000000,
        "sellingandmarketingexpense": 140000000,
        "generalandadministrativeexpense": 74000000,
        "researchanddevelopmentexpensesoftwareexcludingacquiredinprocesscost": 285000000,
        "restructuringandothercharges": 18000000,
        "amortizationofintangibleassets": 13000000,
        "businesscombinationcontingentconsiderationarrangementschangeinamountofcontingentconsiderationliability": -2000000,
        "operatingexpenses": 532000000,
        "operatingincomeloss": -47000000,
        "othernonoperatingincomeexpense": 3000000,
        "incomelossfromcontinuingoperationsbeforeincometaxesminorityinterestandincomelossfromequitymethodinvestments": 230000000,
        "incometaxexpensebenefit": 9000000,
        "netincomeloss": 221000000,
        "earningspersharebasic": 0.67,
        "earningspersharediluted": 0.66,
        "weightedaveragenumberofsharesissuedbasic": 331000000,
        "weightedaveragenumberofdilutedsharesoutstanding": 337000000
    },
    {
        "date": "2010-12-30",
        "symbol": "EA",
        "period": "Q3",
        "salesrevenuenet": 22000000,
        "costofgoodsandservicessold": 586000000,
        "grossprofit": 467000000,
        "sellingandmarketingexpense": 253000000,
        "generalandadministrativeexpense": 75000000,
        "researchanddevelopmentexpensesoftwareexcludingacquiredinprocesscost": 273000000,
        "amortizationofintangibleassets": 14000000,
        "changeinfairvalueofacquisitionrelatedcontingentconsideration": 1000000,
        "operatingexpenses": 770000000,
        "operatingincomeloss": -303000000,
        "realizedgainslossesonstrategicinvestments": 0,
        "incomelossfromcontinuingoperationsbeforeincometaxesminorityinterestandincomelossfromequitymethodinvestments": -303000000,
        "incometaxexpensebenefit": 19000000,
        "netincomeloss": -322000000
    },
    {
        "date": "2010-09-29",
        "symbol": "EA",
        "period": "Q2",
        "salesrevenuenet": 17000000,
        "costofgoodsandservicessold": 363000000,
        "grossprofit": 268000000,
        "sellingandmarketingexpense": 173000000,
        "generalandadministrativeexpense": 77000000,
        "researchanddevelopmentexpensesoftwareexcludingacquiredinprocesscost": 277000000,
        "amortizationofintangibleassets": 15000000,
        "changeinfairvalueofacquisitionrelatedcontingentconsideration": -28000000,
        "restructuringcharges": 6000000,
        "operatingexpenses": 520000000,
        "operatingincomeloss": -252000000,
        "realizedgainslossesonstrategicinvestments": 28000000,
        "othernonoperatingincomeexpense": 6000000,
        "incomelossfromcontinuingoperationsbeforeincometaxesminorityinterestandincomelossfromequitymethodinvestments": -218000000,
        "incometaxexpensebenefit": -17000000,
        "netincomeloss": -201000000,
        "earningspersharebasicanddiluted": -0.61,
        "weightedaveragenumberbasicdilutedsharesoutstanding": 329000000
    },
    {
        "date": "2010-06-29",
        "symbol": "EA",
        "period": "Q1",
        "salesrevenuenet": 19000000,
        "costofgoodsandservicessold": 222000000,
        "grossprofit": 593000000,
        "sellingandmarketingexpense": 127000000,
        "generalandadministrativeexpense": 74000000,
        "researchanddevelopmentexpensesoftwareexcludingacquiredinprocesscost": 275000000,
        "amortizationofintangibleassets": 15000000,
        "changeinfairvalueofacquisitionrelatedcontingentconsideration": 2000000,
        "restructuringcharges": 2000000,
        "operatingexpenses": 495000000,
        "operatingincomeloss": 98000000,
        "realizedgainslossesonstrategicinvestments": -5000000,
        "incomelossfromcontinuingoperationsbeforeincometaxesminorityinterestandincomelossfromequitymethodinvestments": 93000000,
        "incometaxexpensebenefit": -3000000,
        "netincomeloss": 96000000,
        "earningspersharebasic": 0.29,
        "earningspersharediluted": 0.29,
        "weightedaveragenumberofsharesoutstandingbasic": 328000000,
        "weightedaveragenumberofdilutedsharesoutstanding": 332000000
    },
    {
        "date": "2009-12-30",
        "symbol": "EA",
        "period": "Q3",
        "salesrevenuenet": 1243000000,
        "costofgoodsandservicessold": 654000000,
        "grossprofit": 589000000,
        "sellingandmarketingexpense": 208000000,
        "generalandadministrativeexpense": 84000000,
        "researchanddevelopmentexpensesoftwareexcludingacquiredinprocesscost": 290000000,
        "amortizationofintangibleassets": 14000000,
        "restructuringcharges": 100000000,
        "operatingexpenses": 696000000,
        "operatingincomeloss": -107000000,
        "realizedgainslossesonstrategicinvestments": -1000000,
        "othernonoperatingincomeexpense": -2000000,
        "incomelossfromcontinuingoperationsbeforeincometaxesminorityinterestandincomelossfromequitymethodinvestments": -110000000,
        "incometaxexpensebenefit": -28000000,
        "netincomeloss": -82000000,
        "earningspersharebasicanddiluted": -0.25,
        "weightedaveragenumberbasicdilutedsharesoutstanding": 325000000
    },
    {
        "date": "2009-09-29",
        "symbol": "EA",
        "period": "Q2",
        "salesrevenuenet": 788000000,
        "costofgoodsandservicessold": 593000000,
        "grossprofit": 195000000,
        "sellingandmarketingexpense": 187000000,
        "generalandadministrativeexpense": 91000000,
        "researchanddevelopmentexpensesoftwareexcludingacquiredinprocesscost": 316000000,
        "amortizationofintangibleassets": 12000000,
        "restructuringcharges": 6000000,
        "operatingexpenses": 612000000,
        "operatingincomeloss": -417000000,
        "realizedgainslossesonstrategicinvestments": -8000000,
        "othernonoperatingincomeexpense": 7000000,
        "incomelossfromcontinuingoperationsbeforeincometaxesminorityinterestandincomelossfromequitymethodinvestments": -418000000,
        "incometaxexpensebenefit": -27000000,
        "netincomeloss": -391000000,
        "earningspersharebasicanddiluted": -1.21,
        "weightedaveragenumberbasicdilutedsharesoutstanding": 324000000
    },
    {
        "date": "2009-06-29",
        "symbol": "EA",
        "period": "Q1",
        "salesrevenuenet": 644000000,
        "costofgoodsandservicessold": 321000000,
        "grossprofit": 323000000,
        "sellingandmarketingexpense": 164000000,
        "generalandadministrativeexpense": 66000000,
        "researchanddevelopmentexpensesoftwareexcludingacquiredinprocesscost": 312000000,
        "amortizationofintangibleassets": 12000000,
        "restructuringcharges": 14000000,
        "operatingexpenses": 568000000,
        "operatingincomeloss": -245000000,
        "realizedgainslossesonstrategicinvestments": -16000000,
        "othernonoperatingincomeexpense": 3000000,
        "incomelossfromcontinuingoperationsbeforeincometaxesminorityinterestandincomelossfromequitymethodinvestments": -258000000,
        "incometaxexpensebenefit": -24000000,
        "netincomeloss": -234000000,
        "earningspersharebasicanddiluted": -0.72,
        "weightedaveragenumberbasicdilutedsharesoutstanding": 323000000
    }
]