[
    {
        "date": "2024-09-29",
        "symbol": "RCL",
        "period": "Q3",
        "revenuefromcontractwithcustomerexcludingassessedtax": 4886000000,
        "costofgoodsandservicessold": 2391000000,
        "sellinggeneralandadministrativeexpense": 451000000,
        "depreciationandamortization": 6000000,
        "operatingincomeloss": 1634000000,
        "interestandotherincome": 4000000,
        "interestexpensenonoperating": -11000000,
        "incomelossfromequitymethodinvestments": 106000000,
        "othernonoperatingincomeexpense": -26000000,
        "nonoperatingincomeexpense": -519000000,
        "profitloss": 1115000000,
        "netincomelossattributabletononcontrollinginterest": 4000000,
        "netincomeloss": 1111000000,
        "earningspersharebasic": 4.22,
        "earningspersharediluted": 4.21,
        "weightedaveragenumberofsharesoutstandingbasic": 263000000,
        "weightedaveragenumberofdilutedsharesoutstanding": 264000000,
        "othercomprehensiveincomelossforeigncurrencytransactionandtranslationadjustmentnetoftax": -10000000,
        "othercomprehensiveincomelosspensionandotherpostretirementbenefitplansadjustmentnetoftax": -6000000,
        "othercomprehensiveincomelosscashflowhedgegainlossafterreclassificationandtax": -95000000,
        "othercomprehensiveincomelossnetoftax": -99000000,
        "comprehensiveincomenetoftaxincludingportionattributabletononcontrollinginterest": 1016000000,
        "comprehensiveincomenetoftaxattributabletononcontrollinginterest": 4000000,
        "comprehensiveincomenetoftax": 1012000000
    },
    {
        "date": "2024-06-29",
        "symbol": "RCL",
        "period": "Q2",
        "revenuefromcontractwithcustomerexcludingassessedtax": 2887000000,
        "costofgoodsandservicessold": 572000000,
        "sellinggeneralandadministrativeexpense": 466000000,
        "depreciationandamortization": 393000000,
        "operatingincomeloss": 1099000000,
        "interestandotherincome": 4000000,
        "interestexpensenonoperating": 298000000,
        "incomelossfromequitymethodinvestments": 56000000,
        "othernonoperatingincomeexpense": -3000000,
        "nonoperatingincomeexpense": -241000000,
        "profitloss": 858000000,
        "netincomelossattributabletononcontrollinginterest": 4000000,
        "netincomeloss": 854000000,
        "earningspersharebasic": 3.32,
        "earningspersharediluted": 3.11,
        "weightedaveragenumberofsharesoutstandingbasic": 257000000,
        "weightedaveragenumberofdilutedsharesoutstanding": 281000000,
        "othercomprehensiveincomelossforeigncurrencytransactionandtranslationadjustmentnetoftax": 6000000,
        "othercomprehensiveincomelosspensionandotherpostretirementbenefitplansadjustmentnetoftax": 12000000,
        "othercomprehensiveincomelosscashflowhedgegainlossafterreclassificationandtax": -31000000,
        "othercomprehensiveincomelossnetoftax": -37000000,
        "comprehensiveincomenetoftaxincludingportionattributabletononcontrollinginterest": 821000000,
        "comprehensiveincomenetoftaxattributabletononcontrollinginterest": 4000000,
        "comprehensiveincomenetoftax": 817000000
    },
    {
        "date": "2023-12-30",
        "symbol": "RCL",
        "period": "Q4",
        "revenuefromcontractwithcustomerexcludingassessedtax": 6334717000,
        "costofgoodsandservicessold": -2378856000,
        "sellinggeneralandadministrativeexpense": 503281000,
        "depreciationandamortization": 1080801000,
        "operatingincomeloss": 569702000,
        "interestandotherincome": 4137000,
        "interestexpense": 1081817000,
        "incomelossfromequitymethodinvestments": 50888000,
        "othernonoperatingincomeexpense": 9924000,
        "nonoperatingincomeexpense": -290750000,
        "netincomeloss": 277073000,
        "earningspersharebasic": 1.0899999999999999,
        "earningspersharediluted": 1.1499999999999997,
        "othercomprehensiveincomelossforeigncurrencytransactionandtranslationadjustmentnetoftax": -10686000,
        "othercomprehensiveincomelosspensionandotherpostretirementbenefitplansadjustmentnetoftax": -2300000
    },
    {
        "date": "2023-09-29",
        "symbol": "RCL",
        "period": "Q3",
        "revenuefromcontractwithcustomerexcludingassessedtax": 2941481000,
        "costofgoodsandservicessold": 632075000,
        "sellinggeneralandadministrativeexpense": 393016000,
        "depreciationandamortization": 365473000,
        "operatingincomeloss": 1265104000,
        "interestandotherincome": 7472000,
        "interestexpense": 340620000,
        "incomelossfromequitymethodinvestments": 86627000,
        "othernonoperatingincomeexpense": -7905000,
        "nonoperatingincomeexpense": -254426000,
        "profitloss": 1010678000,
        "netincomelossattributabletononcontrollinginterest": 1602000,
        "netincomeloss": 1009076000,
        "earningspersharebasic": 3.94,
        "earningspersharediluted": 3.65,
        "weightedaveragenumberofsharesoutstandingbasic": 256188000,
        "weightedaveragenumberofdilutedsharesoutstanding": 281876000,
        "othercomprehensiveincomelossforeigncurrencytransactionandtranslationadjustmentnetoftax": 11495000,
        "othercomprehensiveincomelosspensionandotherpostretirementbenefitplansadjustmentnetoftax": -3972000,
        "othercomprehensiveincomelosscashflowhedgegainlossafterreclassificationandtax": 19561000,
        "othercomprehensiveincomelossnetoftax": 35028000,
        "comprehensiveincomenetoftaxincludingportionattributabletononcontrollinginterest": 1045706000,
        "comprehensiveincomenetoftaxattributabletononcontrollinginterest": 1602000,
        "comprehensiveincomenetoftax": 1044104000
    },
    {
        "date": "2023-06-29",
        "symbol": "RCL",
        "period": "Q2",
        "revenuefromcontractwithcustomerexcludingassessedtax": 149060000,
        "costofgoodsandservicessold": 1954876000,
        "sellinggeneralandadministrativeexpense": 434848000,
        "depreciationandamortization": 4363000,
        "operatingincomeloss": 771581000,
        "interestandotherincome": 9583000,
        "interestexpense": -10491000,
        "incomelossfromequitymethodinvestments": 42014000,
        "othernonoperatingincomeexpense": -9518000,
        "nonoperatingincomeexpense": -309301000,
        "profitloss": 462280000,
        "netincomelossattributabletononcontrollinginterest": 3519000,
        "netincomeloss": 458761000,
        "earningspersharebasic": 1.79,
        "earningspersharediluted": 1.7,
        "weightedaveragenumberofsharesoutstandingbasic": 255805000,
        "weightedaveragenumberofdilutedsharesoutstanding": 281913000,
        "othercomprehensiveincomelossforeigncurrencytransactionandtranslationadjustmentnetoftax": -3263000,
        "othercomprehensiveincomelosspensionandotherpostretirementbenefitplansadjustmentnetoftax": 3785000,
        "othercomprehensiveincomelosscashflowhedgegainlossafterreclassificationandtax": 4988000,
        "othercomprehensiveincomelossnetoftax": -2060000,
        "comprehensiveincomenetoftaxincludingportionattributabletononcontrollinginterest": 460220000
    },
    {
        "date": "2023-03-30",
        "symbol": "RCL",
        "period": "Q1",
        "revenuefromcontractwithcustomerexcludingassessedtax": 142742000,
        "costofgoodsandservicessold": 1792905000,
        "sellinggeneralandadministrativeexpense": 460855000,
        "depreciationandamortization": 4363000,
        "operatingincomeloss": 271613000,
        "interestandotherincome": 14808000,
        "interestexpense": -9946000,
        "incomelossfromequitymethodinvestments": 20471000,
        "othernonoperatingincomeexpense": -501000,
        "nonoperatingincomeexpense": -319523000,
        "netincomeloss": -47910000,
        "earningspersharebasic": -0.19,
        "earningspersharediluted": -0.19,
        "weightedaveragenumberofsharesoutstandingbasic": 255465000,
        "weightedaveragenumberofdilutedsharesoutstanding": 255465000,
        "othercomprehensiveincomelossforeigncurrencytransactionandtranslationadjustmentnetoftax": -6546000,
        "othercomprehensiveincomelosspensionandotherpostretirementbenefitplansadjustmentnetoftax": -3513000,
        "othercomprehensiveincomelosscashflowhedgegainlossafterreclassificationandtaxparent": -31697000,
        "othercomprehensiveincomelossnetoftaxportionattributabletoparent": -6546000,
        "comprehensiveincomenetoftax": -82640000
    },
    {
        "date": "2022-12-30",
        "symbol": "RCL",
        "period": "Q4",
        "revenuefromcontractwithcustomerexcludingassessedtax": 158761000,
        "costofgoodsandservicessold": 1782442000,
        "sellinggeneralandadministrativeexpense": 444358000,
        "depreciationandamortization": 4363000,
        "operatingincomeloss": 15451000,
        "interestandotherincome": 14092000,
        "interestexpense": -7148000,
        "incomelossfromequitymethodinvestments": 26936000,
        "othernonoperatingincomeexpense": -24000,
        "nonoperatingincomeexpense": -515657000,
        "netincomeloss": -500206000,
        "earningspersharebasic": -1.9500000000000002,
        "earningspersharediluted": -1.9500000000000002,
        "othercomprehensiveincomelossforeigncurrencytransactionandtranslationadjustmentnetoftax": -21663000,
        "othercomprehensiveincomelosspensionandotherpostretirementbenefitplansadjustmentnetoftax": -13923000,
        "othercomprehensiveincomelossnetoftax": 149263000,
        "comprehensiveincomenetoftax": -350943000
    },
    {
        "date": "2022-09-29",
        "symbol": "RCL",
        "period": "Q3",
        "revenuefromcontractwithcustomerexcludingassessedtax": 136576000,
        "costofgoodsandservicessold": 1956263000,
        "sellinggeneralandadministrativeexpense": 373116000,
        "depreciationandamortization": 4363000,
        "assetimpairmentchargesandcreditlosses": 10186000,
        "operatingincomeloss": 298425000,
        "interestandotherincome": 11953000,
        "interestexpense": 4197000,
        "incomelossfromequitymethodinvestments": 73997000,
        "othernonoperatingincomeexpense": 18000,
        "nonoperatingincomeexpense": -265457000,
        "netincomeloss": 32968000,
        "earningspersharebasic": 0.13,
        "earningspersharediluted": 0.13,
        "weightedaveragenumberofsharesoutstandingbasic": 255071000,
        "weightedaveragenumberofdilutedsharesoutstanding": 255378000,
        "othercomprehensiveincomelossforeigncurrencytransactionandtranslationadjustmentnetoftax": 11498000,
        "othercomprehensiveincomelosspensionandotherpostretirementbenefitplansadjustmentnetoftax": -7226000,
        "othercomprehensiveincomelosscashflowhedgegainlossafterreclassificationandtaxparent": -259949000,
        "othercomprehensiveincomelossnetoftax": -241225000,
        "comprehensiveincomenetoftax": -208257000
    },
    {
        "date": "2022-06-29",
        "symbol": "RCL",
        "period": "Q2",
        "revenuefromcontractwithcustomerexcludingassessedtax": 108459000,
        "costofgoodsandservicessold": 1690862000,
        "sellinggeneralandadministrativeexpense": 371425000,
        "depreciationandamortization": 4294000,
        "assetimpairmentchargesandcreditlosses": -10943000,
        "operatingincomeloss": -218644000,
        "interestandotherincome": 6490000,
        "interestexpense": 5152000,
        "incomelossfromequitymethodinvestments": -13179000,
        "othernonoperatingincomeexpense": 15000,
        "nonoperatingincomeexpense": -302938000,
        "netincomeloss": -521582000,
        "earningspersharebasic": -2.05,
        "earningspersharediluted": -2.05,
        "weightedaveragenumberofsharesoutstandingbasic": 254964000,
        "weightedaveragenumberofdilutedsharesoutstanding": 254964000,
        "othercomprehensiveincomelossforeigncurrencytransactionandtranslationadjustmentnetoftax": 12682000,
        "othercomprehensiveincomelosspensionandotherpostretirementbenefitplansadjustmentnetoftax": -15168000,
        "othercomprehensiveincomelosscashflowhedgegainlossafterreclassificationandtaxparent": -84493000,
        "othercomprehensiveincomelossnetoftax": -56643000,
        "comprehensiveincomenetoftax": -578225000
    },
    {
        "date": "2022-03-30",
        "symbol": "RCL",
        "period": "Q1",
        "revenuefromcontractwithcustomerexcludingassessedtax": 54453000,
        "costofgoodsandservicessold": 1184769000,
        "sellinggeneralandadministrativeexpense": 394030000,
        "depreciationandamortization": 4065000,
        "assetimpairmentchargesandcreditlosses": 173000,
        "operatingincomeloss": -859208000,
        "interestandotherincome": 3322000,
        "interestexpense": 10434000,
        "incomelossfromequitymethodinvestments": -31059000,
        "othernonoperatingincomeexpense": -369000,
        "nonoperatingincomeexpense": -307934000,
        "netincomeloss": -1167142000,
        "earningspersharebasic": -4.58,
        "earningspersharediluted": -4.58,
        "weightedaveragenumberofsharesoutstandingbasic": 254821000,
        "weightedaveragenumberofdilutedsharesoutstanding": 254821000,
        "profitloss": -1167142000,
        "othercomprehensiveincomelossforeigncurrencytransactionandtranslationadjustmentnetoftax": 7778000,
        "othercomprehensiveincomelosspensionandotherpostretirementbenefitplansadjustmentnetoftax": -12597000,
        "othercomprehensiveincomelosscashflowhedgegainlossafterreclassificationandtaxparent": 195901000,
        "othercomprehensiveincomelossnetoftax": 216276000,
        "comprehensiveincomenetoftax": -950866000
    },
    {
        "date": "2021-12-30",
        "symbol": "RCL",
        "period": "Q4",
        "revenuefromcontractwithcustomerexcludingassessedtax": 44789000,
        "costofgoodsandservicessold": 1135504000,
        "sellinggeneralandadministrativeexpense": 503055000,
        "depreciationandamortization": 3818000,
        "operatingincomeloss": -2055279000,
        "interestandotherincome": 3456000,
        "interestexpense": 10810000,
        "incomelossfromequitymethodinvestments": 1575000,
        "othernonoperatingincomeexpense": 7000,
        "nonoperatingincomeexpense": -325223000,
        "profitloss": 1206383000,
        "netincomeloss": -3835945000,
        "earningspersharebasic": -5.350000000000001,
        "earningspersharediluted": -5.350000000000001,
        "othercomprehensiveincomelossforeigncurrencytransactionandtranslationadjustmentnetoftax": 4448000,
        "othercomprehensiveincomelosspensionandotherpostretirementbenefitplansadjustmentnetoftax": -4959000,
        "othercomprehensiveincomelosscashflowhedgegainlossafterreclassificationandtaxparent": -44468000,
        "othercomprehensiveincomelossnetoftax": -35061000,
        "comprehensiveincomenetoftaxincludingportionattributabletononcontrollinginterest": -3795620000,
        "comprehensiveincomenetoftax": -3795620000
    },
    {
        "date": "2021-09-29",
        "symbol": "RCL",
        "period": "Q3",
        "revenuefromcontractwithcustomerexcludingassessedtax": 35353000,
        "costofgoodsandservicessold": 813691000,
        "sellinggeneralandadministrativeexpense": 323422000,
        "depreciationandamortization": 3905000,
        "assetimpairmentchargesandcreditlosses": -238000,
        "operatingincomeloss": -1005824000,
        "interestandotherincome": 3786000,
        "interestexpense": 11418000,
        "incomelossfromequitymethodinvestments": -29085000,
        "othernonoperatingincomeexpense": -2000,
        "nonoperatingincomeexpense": -418730000,
        "profitloss": -1424554000,
        "netincomeloss": -1424554000,
        "earningspersharebasic": -5.59,
        "earningspersharediluted": -5.59,
        "weightedaveragenumberofsharesoutstandingbasic": 254713000,
        "weightedaveragenumberofdilutedsharesoutstanding": 254713000,
        "othercomprehensiveincomelossforeigncurrencytransactionandtranslationadjustmentnetoftax": 5022000,
        "othercomprehensiveincomelosspensionandotherpostretirementbenefitplansadjustmentnetoftax": 3627000,
        "othercomprehensiveincomelosscashflowhedgegainlossafterreclassificationandtaxparent": -13264000,
        "othercomprehensiveincomelossnetoftax": -11869000,
        "comprehensiveincomenetoftaxincludingportionattributabletononcontrollinginterest": -1436423000,
        "comprehensiveincomenetoftax": -1436423000
    },
    {
        "date": "2021-06-29",
        "symbol": "RCL",
        "period": "Q2",
        "revenuefromcontractwithcustomerexcludingassessedtax": 22785000,
        "costofgoodsandservicessold": 5188000,
        "sellinggeneralandadministrativeexpense": 285558000,
        "depreciationandamortization": 323439000,
        "assetimpairmentchargesandcreditlosses": 40621000,
        "operatingincomeloss": -1023534000,
        "interestandotherincome": 4670000,
        "interestexpense": 304811000,
        "incomelossfromequitymethodinvestments": -48088000,
        "othernonoperatingincomeexpense": 24508000,
        "nonoperatingincomeexpense": -323721000,
        "profitloss": -1347255000,
        "netincomeloss": -1347255000,
        "earningspersharebasic": -5.29,
        "earningspersharediluted": -5.29,
        "weightedaveragenumberofsharesoutstandingbasic": 254577000,
        "weightedaveragenumberofdilutedsharesoutstanding": 254577000,
        "othercomprehensiveincomelossforeigncurrencytransactionandtranslationadjustmentnetoftax": -3489000,
        "othercomprehensiveincomelosspensionandotherpostretirementbenefitplansadjustmentnetoftax": 3088000,
        "othercomprehensiveincomelosscashflowhedgegainlossafterreclassificationandtaxparent": 51476000,
        "othercomprehensiveincomelossnetoftax": 44899000,
        "comprehensiveincomenetoftaxincludingportionattributabletononcontrollinginterest": -1302356000,
        "comprehensiveincomenetoftax": -1302356000
    },
    {
        "date": "2021-03-30",
        "symbol": "RCL",
        "period": "Q1",
        "revenuefromcontractwithcustomerexcludingassessedtax": 20844000,
        "costofgoodsandservicessold": 2949000,
        "sellinggeneralandadministrativeexpense": 258041000,
        "depreciationandamortization": 310166000,
        "assetimpairmentchargesandcreditlosses": -449000,
        "operatingincomeloss": -809231000,
        "interestandotherincome": 4861000,
        "interestexpense": 272514000,
        "incomelossfromequitymethodinvestments": -59871000,
        "othernonoperatingincomeexpense": 5033000,
        "nonoperatingincomeexpense": -322491000,
        "profitloss": -1131722000,
        "netincomeloss": -1131722000,
        "earningspersharebasic": -4.66,
        "earningspersharediluted": -4.66,
        "weightedaveragenumberofsharesoutstandingbasic": 243004000,
        "weightedaveragenumberofdilutedsharesoutstanding": 243004000,
        "othercomprehensiveincomelossforeigncurrencytransactionandtranslationadjustmentnetoftax": 9722000,
        "othercomprehensiveincomelosspensionandotherpostretirementbenefitplansadjustmentnetoftax": -10463000,
        "othercomprehensiveincomelosscashflowhedgegainlossafterreclassificationandtaxparent": 10302000,
        "othercomprehensiveincomelossnetoftax": 30487000,
        "comprehensiveincomenetoftaxincludingportionattributabletononcontrollinginterest": -1101235000,
        "comprehensiveincomenetoftax": -1101235000
    },
    {
        "date": "2020-12-30",
        "symbol": "RCL",
        "period": "Q4",
        "revenuefromcontractwithcustomerexcludingassessedtax": 17492000,
        "costofgoodsandservicessold": 1993000,
        "sellinggeneralandadministrativeexpense": 255533000,
        "depreciationandamortization": 318028000,
        "operatingincomeloss": -1016549000,
        "interestandotherincome": 5279000,
        "interestexpense": 273089000,
        "incomelossfromequitymethodinvestments": -73028000,
        "othernonoperatingincomeexpense": -9548000,
        "nonoperatingincomeexpense": -350386000,
        "profitloss": -1366935000,
        "netincomelossattributabletononcontrollinginterest": 0,
        "netincomeloss": -1366935000,
        "earningspersharebasic": -6.020000000000001,
        "earningspersharediluted": -6.020000000000001,
        "othercomprehensiveincomelossforeigncurrencytransactionandtranslationadjustmentnetoftax": -15352000,
        "othercomprehensiveincomelosspensionandotherpostretirementbenefitplansadjustmentnetoftax": 3031000,
        "othercomprehensiveincomelosscashflowhedgegainlossafterreclassificationandtaxparent": 148149000,
        "othercomprehensiveincomelossnetoftax": 129766000,
        "comprehensiveincomenetoftaxincludingportionattributabletononcontrollinginterest": -1237169000,
        "comprehensiveincomenetoftaxattributabletononcontrollinginterest": 0,
        "comprehensiveincomenetoftax": -1237169000
    },
    {
        "date": "2020-09-29",
        "symbol": "RCL",
        "period": "Q3",
        "revenuefromcontractwithcustomerexcludingassessedtax": 3204000,
        "costofgoodsandservicessold": -3321000,
        "sellinggeneralandadministrativeexpense": 246779000,
        "depreciationandamortization": 317139000,
        "assetimpairmentcharges": 89899000,
        "operatingincomeloss": -996114000,
        "interestandotherincome": 5017000,
        "interestexpense": 259349000,
        "incomelossfromequitymethodinvestments": -78013000,
        "othernonoperatingincomeexpense": -10853000,
        "nonoperatingincomeexpense": -343198000,
        "profitloss": -1339312000,
        "netincomelossattributabletononcontrollinginterest": 7444000,
        "netincomeloss": -1346756000,
        "earningspersharebasic": -6.29,
        "earningspersharediluted": -6.29,
        "weightedaveragenumberofsharesoutstandingbasic": 214163000,
        "weightedaveragenumberofdilutedsharesoutstanding": 214163000,
        "othercomprehensiveincomelossforeigncurrencytransactionandtranslationadjustmentnetoftax": 19071000,
        "othercomprehensiveincomelosspensionandotherpostretirementbenefitplansadjustmentnetoftax": 3086000,
        "othercomprehensiveincomelosscashflowhedgegainlossafterreclassificationandtaxparent": 66135000,
        "othercomprehensiveincomelossnetoftax": 82120000,
        "comprehensiveincomenetoftaxincludingportionattributabletononcontrollinginterest": -1257192000,
        "comprehensiveincomenetoftaxattributabletononcontrollinginterest": 7444000,
        "comprehensiveincomenetoftax": -1264636000
    },
    {
        "date": "2020-06-29",
        "symbol": "RCL",
        "period": "Q2",
        "revenuefromcontractwithcustomerexcludingassessedtax": 107022000,
        "costofgoodsandservicessold": 28824000,
        "sellinggeneralandadministrativeexpense": 301418000,
        "depreciationandamortization": 319757000,
        "assetimpairmentcharges": 156497000,
        "operatingincomeloss": -1282487000,
        "interestandotherincome": 5206000,
        "interestexpense": 218889000,
        "incomelossfromequitymethodinvestments": -51853000,
        "othernonoperatingincomeexpense": -83825000,
        "nonoperatingincomeexpense": -349361000,
        "profitloss": -1631848000,
        "netincomelossattributabletononcontrollinginterest": 7444000,
        "netincomeloss": -1639292000,
        "earningspersharebasic": -7.83,
        "earningspersharediluted": -7.83,
        "weightedaveragenumberofsharesoutstandingbasic": 209385000,
        "weightedaveragenumberofdilutedsharesoutstanding": 209385000,
        "othercomprehensiveincomelossforeigncurrencytransactionandtranslationadjustmentnetoftax": 26337000,
        "othercomprehensiveincomelosspensionandotherpostretirementbenefitplansadjustmentnetoftax": 6278000,
        "othercomprehensiveincomelosscashflowhedgegainlossafterreclassificationandtaxparent": 124331000,
        "othercomprehensiveincomelossnetoftax": 144390000,
        "comprehensiveincomenetoftaxincludingportionattributabletononcontrollinginterest": -1487458000,
        "comprehensiveincomenetoftaxattributabletononcontrollinginterest": 7444000,
        "comprehensiveincomenetoftax": -1494902000
    },
    {
        "date": "2020-03-30",
        "symbol": "RCL",
        "period": "Q1",
        "revenuefromcontractwithcustomerexcludingassessedtax": 1376851000,
        "costofgoodsandservicessold": 317129000,
        "sellinggeneralandadministrativeexpense": 395890000,
        "depreciationandamortization": 324330000,
        "assetimpairmentcharges": 1108118000,
        "operatingincomeloss": -1306407000,
        "interestandotherincome": 5534000,
        "interestexpense": 92911000,
        "incomelossfromequitymethodinvestments": -10392000,
        "othernonoperatingincomeexpense": -32859000,
        "nonoperatingincomeexpense": -130628000,
        "profitloss": -1437035000,
        "netincomelossattributabletononcontrollinginterest": 7444000,
        "netincomeloss": -1444479000,
        "earningspersharebasic": -6.91,
        "earningspersharediluted": -6.91,
        "weightedaveragenumberofsharesoutstandingbasic": 209097000,
        "weightedaveragenumberofdilutedsharesoutstanding": 209097000,
        "othercomprehensiveincomelossforeigncurrencytransactionandtranslationadjustmentnetoftax": 10290000,
        "othercomprehensiveincomelosspensionandotherpostretirementbenefitplansadjustmentnetoftax": 7589000,
        "othercomprehensiveincomelosscashflowhedgegainlossafterreclassificationandtaxparent": -300605000,
        "othercomprehensiveincomelossnetoftax": -297904000,
        "comprehensiveincomenetoftaxincludingportionattributabletononcontrollinginterest": -1734939000,
        "comprehensiveincomenetoftaxattributabletononcontrollinginterest": 7444000,
        "comprehensiveincomenetoftax": -1742383000
    },
    {
        "date": "2019-12-30",
        "symbol": "RCL",
        "period": "Q4",
        "revenuefromcontractwithcustomerexcludingassessedtax": 1054675000,
        "costofgoodsandservicessold": -673262000,
        "sellinggeneralandadministrativeexpense": 414707000,
        "depreciationandamortization": 321762000,
        "operatingincomeloss": 299425000,
        "interestandotherincome": 5194000,
        "interestexpense": 94756000,
        "incomelossfromequitymethodinvestments": 60587000,
        "othernonoperatingincomeexpense": 10024000,
        "nonoperatingincomeexpense": -18951000,
        "profitloss": 280474000,
        "netincomelossattributabletononcontrollinginterest": 7338000,
        "netincomeloss": 273136000,
        "earningspersharebasic": 1.310000000000001,
        "earningspersharediluted": 1.3099999999999992,
        "othercomprehensiveincomelossforeigncurrencytransactionandtranslationadjustmentnetoftax": 8552000,
        "othercomprehensiveincomelosspensionandotherpostretirementbenefitplansadjustmentnetoftax": -3296000,
        "othercomprehensiveincomelosscashflowhedgegainlossafterreclassificationandtaxparent": 136802000,
        "othercomprehensiveincomelossnetoftax": 196840000,
        "comprehensiveincomenetoftaxincludingportionattributabletononcontrollinginterest": 429124000,
        "comprehensiveincomenetoftaxattributabletononcontrollinginterest": 7338000,
        "comprehensiveincomenetoftax": 421786000
    },
    {
        "date": "2019-09-29",
        "symbol": "RCL",
        "period": "Q3",
        "revenuefromcontractwithcustomerexcludingassessedtax": 2344779000,
        "costofgoodsandservicessold": 488921000,
        "sellinggeneralandadministrativeexpense": 352725000,
        "depreciationandamortization": 320295000,
        "operatingincomeloss": 890792000,
        "interestandotherincome": 5625000,
        "interestexpense": 102038000,
        "incomelossfromequitymethodinvestments": 103654000,
        "othernonoperatingincomeexpense": -7668000,
        "nonoperatingincomeexpense": -427000,
        "profitloss": 890365000,
        "netincomelossattributabletononcontrollinginterest": 7125000,
        "netincomeloss": 883240000,
        "earningspersharebasic": 4.21,
        "earningspersharediluted": 4.2,
        "weightedaveragenumberofsharesoutstandingbasic": 209575000,
        "weightedaveragenumberofdilutedsharesoutstanding": 210121000,
        "othercomprehensiveincomelossforeigncurrencytransactionandtranslationadjustmentnetoftax": -15510000,
        "othercomprehensiveincomelosspensionandotherpostretirementbenefitplansadjustmentnetoftax": 12456000,
        "othercomprehensiveincomelosscashflowhedgegainlossafterreclassificationandtaxparent": -265224000,
        "othercomprehensiveincomelossnetoftax": -293190000,
        "comprehensiveincomenetoftaxincludingportionattributabletononcontrollinginterest": 597175000,
        "comprehensiveincomenetoftaxattributabletononcontrollinginterest": 7125000,
        "comprehensiveincomenetoftax": 590050000
    },
    {
        "date": "2019-06-29",
        "symbol": "RCL",
        "period": "Q2",
        "revenuefromcontractwithcustomerexcludingassessedtax": 2017836000,
        "costofgoodsandservicessold": 426934000,
        "sellinggeneralandadministrativeexpense": 376874000,
        "depreciationandamortization": 311600000,
        "operatingincomeloss": 573653000,
        "interestandotherincome": 6342000,
        "interestexpense": 111304000,
        "incomelossfromequitymethodinvestments": 33045000,
        "othernonoperatingincomeexpense": -21781000,
        "nonoperatingincomeexpense": -93698000,
        "profitloss": 479955000,
        "netincomelossattributabletononcontrollinginterest": 7125000,
        "netincomeloss": 472830000,
        "earningspersharebasic": 2.26,
        "earningspersharediluted": 2.25,
        "weightedaveragenumberofsharesoutstandingbasic": 209531000,
        "weightedaveragenumberofdilutedsharesoutstanding": 210052000,
        "othercomprehensiveincomelossforeigncurrencytransactionandtranslationadjustmentnetoftax": 7263000,
        "othercomprehensiveincomelosspensionandotherpostretirementbenefitplansadjustmentnetoftax": 9722000,
        "othercomprehensiveincomelosscashflowhedgegainlossafterreclassificationandtaxparent": -71734000,
        "othercomprehensiveincomelossnetoftax": -74193000,
        "comprehensiveincomenetoftaxincludingportionattributabletononcontrollinginterest": 405762000,
        "comprehensiveincomenetoftaxattributabletononcontrollinginterest": 7125000,
        "comprehensiveincomenetoftax": 398637000
    },
    {
        "date": "2019-03-30",
        "symbol": "RCL",
        "period": "Q1",
        "revenuefromcontractwithcustomerexcludingassessedtax": 2439767000,
        "costofgoodsandservicessold": 1413704000,
        "sellinggeneralandadministrativeexpense": 414947000,
        "depreciationandamortization": 292285000,
        "operatingincomeloss": 318831000,
        "interestandotherincome": 9784000,
        "interestexpense": 100415000,
        "incomelossfromequitymethodinvestments": 33694000,
        "othernonoperatingincomeexpense": -5088000,
        "nonoperatingincomeexpense": -62025000,
        "profitloss": 256806000,
        "netincomelossattributabletononcontrollinginterest": 7125000,
        "netincomeloss": 249681000,
        "earningspersharebasic": 1.19,
        "earningspersharediluted": 1.19,
        "weightedaveragenumberofsharesoutstandingbasic": 209322000,
        "weightedaveragenumberofdilutedsharesoutstanding": 209874000,
        "othercomprehensiveincomelossforeigncurrencytransactionandtranslationadjustmentnetoftax": 564000,
        "othercomprehensiveincomelosspensionandotherpostretirementbenefitplansadjustmentnetoftax": 653000,
        "othercomprehensiveincomelosscashflowhedgegainlossafterreclassificationandtaxparent": 48843000,
        "othercomprehensiveincomelossnetoftax": 564000,
        "comprehensiveincomenetoftaxincludingportionattributabletononcontrollinginterest": 305560000,
        "comprehensiveincomenetoftaxattributabletononcontrollinginterest": 7125000,
        "comprehensiveincomenetoftax": 298435000
    },
    {
        "date": "2018-12-30",
        "symbol": "RCL",
        "period": "Q4",
        "sellinggeneralandadministrativeexpense": 327693000,
        "depreciationandamortization": -221074000,
        "operatingincomeloss": 364027000,
        "interestandotherincome": 6138000,
        "interestexpense": -53414000,
        "incomelossfromequitymethodinvestments": 42524000,
        "othernonoperatingincomeexpense": 13279000,
        "nonoperatingincomeexpense": -37282000,
        "netincomeloss": 1593133000,
        "earningspersharebasic": 1.4899999999999995,
        "earningspersharediluted": 1.490000000000001,
        "othercomprehensiveincomelossforeigncurrencytransactionandtranslationadjustmentnetoftax": -411000,
        "othercomprehensiveincomelosspensionandotherpostretirementbenefitplansadjustmentnetoftax": -694000,
        "othercomprehensiveincomelosscashflowhedgegainlossafterreclassificationandtaxparent": -397437000,
        "othercomprehensiveincomelossnetoftax": 32354000,
        "comprehensiveincomenetoftax": -81451000
    },
    {
        "date": "2018-09-29",
        "symbol": "RCL",
        "period": "Q3",
        "revenuefromcontractwithcustomerexcludingassessedtax": 753276000,
        "costofgoodsandservicessold": 171028000,
        "sellinggeneralandadministrativeexpense": 325167000,
        "depreciationandamortization": -3157000,
        "operatingincomeloss": 799733000,
        "interestandotherincome": 5831000,
        "interestexpense": -1395000,
        "incomelossfromequitymethodinvestments": 95169000,
        "othernonoperatingincomeexpense": 466000,
        "nonoperatingincomeexpense": -835000,
        "netincomeloss": -372000,
        "earningspersharebasic": 3.88,
        "earningspersharediluted": 3.86,
        "weightedaveragenumberofsharesoutstandingbasic": 209054000,
        "weightedaveragenumberofdilutedsharesoutstanding": 209928000,
        "othercomprehensiveincomelossforeigncurrencytransactionandtranslationadjustmentnetoftax": -3479000,
        "othercomprehensiveincomelosspensionandotherpostretirementbenefitplansadjustmentnetoftax": -1153000,
        "othercomprehensiveincomelosscashflowhedgegainlossafterreclassificationandtaxparent": 36946000,
        "othercomprehensiveincomelossnetoftax": 34620000,
        "comprehensiveincomenetoftax": 845011000
    },
    {
        "date": "2018-06-29",
        "symbol": "RCL",
        "period": "Q2",
        "revenuefromcontractwithcustomerexcludingassessedtax": 665035000,
        "costofgoodsandservicessold": 142240000,
        "sellinggeneralandadministrativeexpense": 312923000,
        "depreciationandamortization": -3156000,
        "operatingincomeloss": 456895000,
        "interestandotherincome": 13098000,
        "interestexpense": -2138000,
        "incomelossfromequitymethodinvestments": 44311000,
        "othernonoperatingincomeexpense": -133000,
        "nonoperatingincomeexpense": 14601000,
        "netincomeloss": -372000,
        "earningspersharebasic": 2.2,
        "earningspersharediluted": 2.19,
        "weightedaveragenumberofsharesoutstandingbasic": 211673000,
        "weightedaveragenumberofdilutedsharesoutstanding": 212509000,
        "othercomprehensiveincomelossforeigncurrencytransactionandtranslationadjustmentnetoftax": -11521000,
        "othercomprehensiveincomelosspensionandotherpostretirementbenefitplansadjustmentnetoftax": 1964000,
        "othercomprehensiveincomelosscashflowhedgegainlossafterreclassificationandtaxparent": -68900000,
        "othercomprehensiveincomelossnetoftax": -82385000,
        "comprehensiveincomenetoftax": 383910000
    },
    {
        "date": "2018-03-30",
        "symbol": "RCL",
        "period": "Q1",
        "passengerrevenue": 1425644000,
        "onboardandother": 602112000,
        "revenues": 2027756000,
        "cruisecommissionstransportationandother": 290609000,
        "costofonboardandother": 99537000,
        "costofservicesdirectlabor": 227156000,
        "foodandbeveragecostofsales": 119642000,
        "fuelcosts": 160341000,
        "othercostandexpenseoperating": 278734000,
        "costofrevenue": 1176019000,
        "sellinggeneralandadministrativeexpense": 337361000,
        "depreciationandamortization": 240230000,
        "operatingincomeloss": 274146000,
        "interestandotherincome": 7733000,
        "interestexpense": 67878000,
        "incomelossfromequitymethodinvestments": 28752000,
        "otherthantemporaryimpairmentlossesinvestmentsportionrecognizedinearningsnet": 23343000,
        "othernonoperatingincomeexpense": -757000,
        "nonoperatingincomeexpense": -55493000,
        "netincomeloss": 218653000,
        "earningspersharebasic": 1.03,
        "earningspersharediluted": 1.02,
        "weightedaveragenumberofsharesoutstandingbasic": 212610000,
        "weightedaveragenumberofdilutedsharesoutstanding": 213602000,
        "othercomprehensiveincomelossforeigncurrencytransactionandtranslationadjustmentnetoftax": 1160000,
        "othercomprehensiveincomelosspensionandotherpostretirementbenefitplansadjustmentnetoftax": -7760000,
        "othercomprehensiveincomelosscashflowhedgegainlossafterreclassificationandtaxparent": 142530000,
        "othercomprehensiveincomelossnetoftax": 1160000,
        "comprehensiveincomenetoftax": 370103000
    },
    {
        "date": "2017-09-29",
        "symbol": "RCL",
        "period": "Q3",
        "passengerrevenue": 1893152000,
        "onboardandother": 676392000,
        "revenues": 2569544000,
        "cruisecommissionstransportationandother": 409597000,
        "costofonboardandother": 157041000,
        "costofservicesdirectlabor": 210764000,
        "foodandbeveragecostofsales": 126223000,
        "fuelcosts": 32386000,
        "othercostandexpenseoperating": 253892000,
        "costofrevenue": 1318269000,
        "sellinggeneralandadministrativeexpense": 273637000,
        "depreciationandamortization": 2710000,
        "operatingincomeloss": 737488000,
        "interestandotherincome": 4693000,
        "interestexpense": 7860000,
        "incomelossfromequitymethodinvestments": 85120000,
        "othernonoperatingincomeexpense": -1226000,
        "nonoperatingincomeexpense": -1512000,
        "netincomeloss": -43312000,
        "earningspersharebasic": 3.51,
        "earningspersharediluted": 3.49,
        "weightedaveragenumberofsharesoutstandingbasic": 214694000,
        "weightedaveragenumberofdilutedsharesoutstanding": 215824000,
        "othercomprehensiveincomelossforeigncurrencytransactionandtranslationadjustmentnetoftax": 5889000,
        "othercomprehensiveincomelosspensionandotherpostretirementbenefitplansadjustmentnetoftax": 1990000,
        "othercomprehensiveincomelossderivativesqualifyingashedgesnetoftax": 230245000,
        "othercomprehensiveincomelossnetoftax": 234144000,
        "comprehensiveincomenetoftax": 986986000
    },
    {
        "date": "2017-06-29",
        "symbol": "RCL",
        "period": "Q2",
        "passengerrevenue": 1581385000,
        "onboardandother": 613889000,
        "revenues": 2195274000,
        "cruisecommissionstransportationandother": 340331000,
        "costofonboardandother": 132437000,
        "costofservicesdirectlabor": 210362000,
        "foodandbeveragecostofsales": 121764000,
        "fuelcosts": 41835000,
        "othercostandexpenseoperating": 281143000,
        "costofrevenue": 1256785000,
        "sellinggeneralandadministrativeexpense": 283855000,
        "depreciationandamortization": 2710000,
        "operatingincomeloss": 419697000,
        "interestandotherincome": 5811000,
        "interestexpense": 7863000,
        "incomelossfromequitymethodinvestments": 23359000,
        "othernonoperatingincomeexpense": -2709000,
        "nonoperatingincomeexpense": -4105000,
        "netincomeloss": -54617000,
        "earningspersharebasic": 1.72,
        "earningspersharediluted": 1.71,
        "weightedaveragenumberofsharesoutstandingbasic": 215085000,
        "weightedaveragenumberofdilutedsharesoutstanding": 216062000,
        "othercomprehensiveincomelossforeigncurrencytransactionandtranslationadjustmentnetoftax": 5979000,
        "othercomprehensiveincomelosspensionandotherpostretirementbenefitplansadjustmentnetoftax": 3649000,
        "othercomprehensiveincomelossderivativesqualifyingashedgesnetoftax": 128954000,
        "othercomprehensiveincomelossnetoftax": 131284000,
        "comprehensiveincomenetoftax": 500810000
    },
    {
        "date": "2017-03-30",
        "symbol": "RCL",
        "period": "Q1",
        "passengerrevenue": 1418223000,
        "onboardandother": 590337000,
        "revenues": 2008560000,
        "cruisecommissionstransportationandother": 310248000,
        "costofonboardandother": 105994000,
        "costofservicesdirectlabor": 215735000,
        "foodandbeveragecostofsales": 121211000,
        "fuelcosts": 177414000,
        "othercostandexpenseoperating": 245222000,
        "costofrevenue": 1175824000,
        "sellinggeneralandadministrativeexpense": 317465000,
        "depreciationandamortization": 235749000,
        "operatingincomeloss": 279522000,
        "interestandotherincome": 6252000,
        "interestexpense": 80317000,
        "incomelossfromequitymethodinvestments": 11880000,
        "othernonoperatingincomeexpense": -2611000,
        "nonoperatingincomeexpense": -64796000,
        "netincomeloss": 214726000,
        "earningspersharebasic": 1,
        "earningspersharediluted": 0.99,
        "weightedaveragenumberofsharesoutstandingbasic": 214870000,
        "weightedaveragenumberofdilutedsharesoutstanding": 215813000,
        "othercomprehensiveincomelossforeigncurrencytransactionandtranslationadjustmentnetoftax": 2342000,
        "othercomprehensiveincomelosspensionandotherpostretirementbenefitplansadjustmentnetoftax": 641000,
        "othercomprehensiveincomelossderivativesqualifyingashedgesnetoftax": 22461000,
        "othercomprehensiveincomelossnetoftax": 2342000,
        "comprehensiveincomenetoftax": 238888000
    },
    {
        "date": "2016-09-29",
        "symbol": "RCL",
        "period": "Q3",
        "passengerrevenue": 1899956000,
        "onboardandother": 663785000,
        "revenues": 2563741000,
        "cruisecommissionstransportationandother": 400933000,
        "costofonboardandother": 159887000,
        "costofservicesdirectlabor": 214081000,
        "foodandbeveragecostofsales": 125732000,
        "fuelcosts": 64654000,
        "othercostandexpenseoperating": 0,
        "costofrevenue": 1340123000,
        "sellinggeneralandadministrativeexpense": 257430000,
        "depreciationandamortization": 2710000,
        "restructuringcharges": 1505000,
        "operatingincomeloss": 734963000,
        "interestandotherincome": 6472000,
        "interestexpense": 11953000,
        "othernonoperatingincomeexpense": 34432000,
        "nonoperatingincomeexpense": 3464000,
        "netincomeloss": -80624000,
        "earningspersharebasic": 3.22,
        "earningspersharediluted": 3.1999999999999997,
        "weightedaveragenumberofsharesoutstandingbasic": -426000,
        "weightedaveragenumberofdilutedsharesoutstanding": -465000,
        "othercomprehensiveincomelossforeigncurrencytransactionandtranslationadjustmentnetoftax": 4043000,
        "othercomprehensiveincomelosspensionandotherpostretirementbenefitplansadjustmentnetoftax": 5051000,
        "othercomprehensiveincomelossderivativesqualifyingashedgesnetoftax": 95536000,
        "othercomprehensiveincomelossnetoftax": 4043000,
        "comprehensiveincomenetoftax": 787785000
    },
    {
        "date": "2016-06-29",
        "symbol": "RCL",
        "period": "Q2",
        "passengerrevenue": 1516530000,
        "onboardandother": 588732000,
        "revenues": 2105262000,
        "cruisecommissionstransportationandother": 334568000,
        "costofonboardandother": 136198000,
        "costofservicesdirectlabor": 230433000,
        "foodandbeveragecostofsales": 124517000,
        "fuelcosts": -17032000,
        "othercostandexpenseoperating": -288014000,
        "costofrevenue": 1310587000,
        "sellinggeneralandadministrativeexpense": 286357000,
        "depreciationandamortization": -208066000,
        "restructuringcharges": 2290000,
        "operatingincomeloss": 282273000,
        "interestandotherincome": 5683000,
        "interestexpense": -45380000,
        "othernonoperatingincomeexpense": 20696000,
        "nonoperatingincomeexpense": 70729000,
        "netincomeloss": -282290000,
        "earningspersharebasic": 1.06,
        "earningspersharediluted": 1.06,
        "weightedaveragenumberofsharesoutstandingbasic": -825000,
        "weightedaveragenumberofdilutedsharesoutstanding": -829000,
        "othercomprehensiveincomelossforeigncurrencytransactionandtranslationadjustmentnetoftax": -2268000,
        "othercomprehensiveincomelosspensionandotherpostretirementbenefitplansadjustmentnetoftax": 3585000,
        "othercomprehensiveincomelossderivativesqualifyingashedgesnetoftax": 156351000,
        "othercomprehensiveincomelossnetoftax": -2268000,
        "comprehensiveincomenetoftax": 380403000
    },
    {
        "date": "2016-03-30",
        "symbol": "RCL",
        "period": "Q1",
        "passengerrevenue": 1378167000,
        "onboardandother": 539628000,
        "revenues": 1917795000,
        "cruisecommissionstransportationandother": 324890000,
        "costofonboardandother": 103654000,
        "costofservicesdirectlabor": 227441000,
        "foodandbeveragecostofsales": 121510000,
        "fuelcosts": 175862000,
        "othercostandexpenseoperating": 288221000,
        "costofrevenue": 1241578000,
        "sellinggeneralandadministrativeexpense": 302021000,
        "depreciationandamortization": 210764000,
        "restructuringcharges": 305000,
        "operatingincomeloss": 163127000,
        "interestandotherincome": 2720000,
        "interestexpense": 65446000,
        "othernonoperatingincomeexpense": -1261000,
        "nonoperatingincomeexpense": -63987000,
        "netincomeloss": 99140000,
        "earningspersharebasic": 0.46,
        "earningspersharediluted": 0.46,
        "weightedaveragenumberofsharesoutstandingbasic": 216914000,
        "weightedaveragenumberofdilutedsharesoutstanding": 217869000,
        "othercomprehensiveincomelossforeigncurrencytransactionandtranslationadjustmentnetoftax": 6648000,
        "othercomprehensiveincomelosspensionandotherpostretirementbenefitplansadjustmentnetoftax": 3512000,
        "othercomprehensiveincomelossderivativesqualifyingashedgesnetoftax": 2737000,
        "othercomprehensiveincomelossnetoftax": 6648000,
        "comprehensiveincomenetoftax": 105013000
    },
    {
        "date": "2015-09-29",
        "symbol": "RCL",
        "period": "Q3",
        "passengerrevenue": 1873942000,
        "onboardandother": 649158000,
        "revenues": 2523100000,
        "cruisecommissionstransportationandother": 413156000,
        "costofonboardandother": 175214000,
        "costofservicesdirectlabor": 217627000,
        "foodandbeveragecostofsales": 122124000,
        "fuelcosts": 65975000,
        "othercostandexpenseoperating": 259057000,
        "costofrevenue": 1387026000,
        "sellinggeneralandadministrativeexpense": 256060000,
        "depreciationandamortization": 752000,
        "assetimpairmentcharges": 411267000,
        "operatingincomeloss": 258005000,
        "interestandotherincome": 1735000,
        "interestexpense": 10276000,
        "othernonoperatingincomeexpense": 35866000,
        "nonoperatingincomeexpense": 239000,
        "netincomeloss": -77810000,
        "earningspersharebasic": 1.04,
        "earningspersharediluted": 1.03,
        "weightedaveragenumberofsharesoutstandingbasic": 219963000,
        "weightedaveragenumberofdilutedsharesoutstanding": 221137000,
        "othercomprehensiveincomelossforeigncurrencytransactionandtranslationadjustmentnetoftax": -4191000,
        "othercomprehensiveincomelosspensionandotherpostretirementbenefitplansadjustmentnetoftax": -3318000,
        "othercomprehensiveincomelossderivativesqualifyingashedgesnetoftax": -222492000,
        "othercomprehensiveincomelossnetoftax": -223365000,
        "comprehensiveincomenetoftax": 5422000
    },
    {
        "date": "2015-06-29",
        "symbol": "RCL",
        "period": "Q2",
        "passengerrevenue": 1507468000,
        "onboardandother": 550854000,
        "revenues": 2058322000,
        "cruisecommissionstransportationandother": 355835000,
        "costofonboardandother": 147105000,
        "costofservicesdirectlabor": 218570000,
        "foodandbeveragecostofsales": 119407000,
        "fuelcosts": 52416000,
        "othercostandexpenseoperating": 272927000,
        "costofrevenue": 1316409000,
        "sellinggeneralandadministrativeexpense": 274148000,
        "depreciationandamortization": 685000,
        "operatingincomeloss": 261297000,
        "interestandotherincome": 2772000,
        "interestexpense": 9962000,
        "othernonoperatingincomeexpense": -2482000,
        "nonoperatingincomeexpense": -239000,
        "netincomeloss": -63737000,
        "earningspersharebasic": 0.84,
        "earningspersharediluted": 0.84,
        "weightedaveragenumberofsharesoutstandingbasic": 219913000,
        "weightedaveragenumberofdilutedsharesoutstanding": 220902000,
        "othercomprehensiveincomelossforeigncurrencytransactionandtranslationadjustmentnetoftax": 11741000,
        "othercomprehensiveincomelosspensionandotherpostretirementbenefitplansadjustmentnetoftax": -3742000,
        "othercomprehensiveincomelossderivativesqualifyingashedgesnetoftax": 202473000,
        "othercomprehensiveincomelossnetoftax": 217956000,
        "comprehensiveincomenetoftax": 402923000
    },
    {
        "date": "2015-03-30",
        "symbol": "RCL",
        "period": "Q1",
        "passengerrevenue": 1306779000,
        "onboardandother": 508820000,
        "revenues": 1815599000,
        "cruisecommissionstransportationandother": 324418000,
        "costofonboardandother": 116239000,
        "costofservicesdirectlabor": 211591000,
        "foodandbeveragecostofsales": 119786000,
        "fuelcosts": 205276000,
        "othercostandexpenseoperating": 245307000,
        "costofrevenue": 1222617000,
        "sellinggeneralandadministrativeexpense": 286832000,
        "depreciationandamortization": 200468000,
        "operatingincomeloss": 105682000,
        "interestandotherincome": 3737000,
        "interestexpense": 70159000,
        "othernonoperatingincomeexpense": 5970000,
        "nonoperatingincomeexpense": -60452000,
        "netincomeloss": 45230000,
        "earningspersharebasic": 0.21,
        "earningspersharediluted": 0.2,
        "weightedaveragenumberofsharesoutstandingbasic": 219626000,
        "weightedaveragenumberofdilutedsharesoutstanding": 220842000,
        "othercomprehensiveincomelossforeigncurrencytransactionandtranslationadjustmentnetoftax": -31544000,
        "othercomprehensiveincomelosspensionandotherpostretirementbenefitplansadjustmentnetoftax": 1493000,
        "othercomprehensiveincomelossderivativesqualifyingashedgesnetoftax": -260949000,
        "othercomprehensiveincomelossnetoftax": -31544000,
        "comprehensiveincomenetoftax": -248756000
    },
    {
        "date": "2014-12-30",
        "symbol": "RCL",
        "period": "Q4",
        "passengerrevenue": 1303799000,
        "onboardandother": 514027000,
        "revenues": 1817826000,
        "cruisecommissionstransportationandother": 303824000,
        "costofonboardandother": 126454000,
        "costofservicesdirectlabor": 213409000,
        "foodandbeveragecostofsales": 119958000,
        "fuelcosts": 26778000,
        "othercostandexpenseoperating": 251790000,
        "costofrevenue": 1244745000,
        "sellinggeneralandadministrativeexpense": 257995000,
        "depreciationandamortization": 538000,
        "operatingincomeloss": 119344000,
        "interestandotherincome": 2321000,
        "interestexpense": -125360000,
        "othernonoperatingincomeexpense": 52471000,
        "nonoperatingincomeexpense": 2055000,
        "netincomeloss": 773930000,
        "earningspersharebasic": 0.51,
        "earningspersharediluted": 0.5000000000000002,
        "othercomprehensiveincomelossforeigncurrencytransactionandtranslationadjustmentnetoftax": -8257000,
        "othercomprehensiveincomelosspensionandotherpostretirementbenefitplansadjustmentnetoftax": 1677000,
        "othercomprehensiveincomelossderivativesqualifyingashedgesnetoftax": -546171000,
        "othercomprehensiveincomelossnetoftax": 320897000,
        "comprehensiveincomenetoftax": -446337000
    },
    {
        "date": "2014-09-29",
        "symbol": "RCL",
        "period": "Q3",
        "passengerrevenue": 1786746000,
        "onboardandother": 602016000,
        "revenues": 2388762000,
        "cruisecommissionstransportationandother": 396916000,
        "costofonboardandother": 182658000,
        "costofservicesdirectlabor": 214260000,
        "foodandbeveragecostofsales": 120908000,
        "fuelcosts": 1996000,
        "othercostandexpenseoperating": 281322000,
        "costofrevenue": 1426882000,
        "sellinggeneralandadministrativeexpense": 239662000,
        "depreciationandamortization": 450000,
        "restructuringcharges": -900000,
        "operatingincomeloss": 529462000,
        "interestandotherincome": 2117000,
        "interestexpense": 60100000,
        "othernonoperatingincomeexpense": 18769000,
        "nonoperatingincomeexpense": -238000,
        "netincomeloss": -3115000,
        "earningspersharebasic": 2.2,
        "earningspersharediluted": 2.19,
        "weightedaveragenumberofsharesoutstandingbasic": 222523000,
        "weightedaveragenumberofdilutedsharesoutstanding": 223859000,
        "othercomprehensiveincomelossforeigncurrencytransactionandtranslationadjustmentnetoftax": -18482000,
        "othercomprehensiveincomelosspensionandotherpostretirementbenefitplansadjustmentnetoftax": 1451000,
        "othercomprehensiveincomelossderivativesqualifyingashedgesnetoftax": -249626000,
        "othercomprehensiveincomelossnetoftax": -269559000,
        "comprehensiveincomenetoftax": 220689000
    },
    {
        "date": "2014-06-29",
        "symbol": "RCL",
        "period": "Q2",
        "passengerrevenue": 1455099000,
        "onboardandother": 524944000,
        "revenues": 1980043000,
        "cruisecommissionstransportationandother": 346180000,
        "costofonboardandother": 150606000,
        "costofservicesdirectlabor": 209171000,
        "foodandbeveragecostofsales": 119184000,
        "fuelcosts": -884000,
        "othercostandexpenseoperating": 262729000,
        "costofrevenue": 1330674000,
        "sellinggeneralandadministrativeexpense": 260988000,
        "depreciationandamortization": 450000,
        "restructuringcharges": 300000,
        "operatingincomeloss": 195587000,
        "interestandotherincome": 2630000,
        "interestexpense": 65260000,
        "othernonoperatingincomeexpense": 4716000,
        "nonoperatingincomeexpense": -238000,
        "netincomeloss": -2232000,
        "earningspersharebasic": 0.62,
        "earningspersharediluted": 0.62,
        "weightedaveragenumberofsharesoutstandingbasic": 222189000,
        "weightedaveragenumberofdilutedsharesoutstanding": 223381000,
        "othercomprehensiveincomelossforeigncurrencytransactionandtranslationadjustmentnetoftax": -1833000,
        "othercomprehensiveincomelosspensionandotherpostretirementbenefitplansadjustmentnetoftax": 2054000,
        "othercomprehensiveincomelossderivativesqualifyingashedgesnetoftax": -20638000,
        "othercomprehensiveincomelossnetoftax": -24525000,
        "comprehensiveincomenetoftax": 113148000
    },
    {
        "date": "2014-03-30",
        "symbol": "RCL",
        "period": "Q1",
        "passengerrevenue": 1348203000,
        "onboardandother": 539021000,
        "revenues": 1887224000,
        "cruisecommissionstransportationandother": 325865000,
        "costofonboardandother": 123032000,
        "costofservicesdirectlabor": 210801000,
        "foodandbeveragecostofsales": 118080000,
        "fuelcosts": 94000,
        "othercostandexpenseoperating": 281743000,
        "costofrevenue": 1303980000,
        "sellinggeneralandadministrativeexpense": 290307000,
        "depreciationandamortization": 449000,
        "restructuringcharges": 454000,
        "operatingincomeloss": 97466000,
        "interestandotherincome": 3276000,
        "interestexpense": 57000,
        "othernonoperatingincomeexpense": -5714000,
        "nonoperatingincomeexpense": -3576000,
        "netincomeloss": -4437000,
        "earningspersharebasic": 0.12,
        "earningspersharediluted": 0.12,
        "weightedaveragenumberofsharesoutstandingbasic": 221295000,
        "weightedaveragenumberofdilutedsharesoutstanding": 222671000,
        "othercomprehensiveincomelossforeigncurrencytransactionandtranslationadjustmentnetoftax": 2470000,
        "othercomprehensiveincomelosspensionandotherpostretirementbenefitplansadjustmentnetoftax": 2031000,
        "othercomprehensiveincomelossderivativesqualifyingashedgesnetoftax": -52915000,
        "othercomprehensiveincomelossnetoftax": -52915000,
        "comprehensiveincomenetoftax": -26019000
    },
    {
        "date": "2013-12-30",
        "symbol": "RCL",
        "period": "Q4",
        "passengerrevenue": 1290176000,
        "onboardandother": 1095236000,
        "revenues": 1854158000,
        "cruisecommissionstransportationandother": 296861000,
        "costofonboardandother": 128149000,
        "costofservicesdirectlabor": 208979000,
        "foodandbeveragecostofsales": 118536000,
        "fuelcosts": -289866000,
        "othercostandexpenseoperating": 295530000,
        "costofrevenue": 1282660000,
        "sellinggeneralandadministrativeexpense": 261205000,
        "depreciationandamortization": -372479000,
        "operatingincomeloss": -557547000,
        "interestexpense": -78338000,
        "othernonoperatingincomeexpense": -3302000,
        "nonoperatingincomeexpense": 283928000,
        "netincomeloss": 23171000,
        "earningspersharebasic": -1.67,
        "earningspersharediluted": -1.66,
        "othercomprehensiveincomelossforeigncurrencytransactionandtranslationadjustmentnetoftax": 1160000,
        "othercomprehensiveincomelossderivativesqualifyingashedgesnetoftax": 71314000,
        "othercomprehensiveincomelossnetoftax": -88671000,
        "comprehensiveincomenetoftax": 79605000
    },
    {
        "date": "2013-09-29",
        "symbol": "RCL",
        "period": "Q3",
        "passengerrevenue": 1672051000,
        "onboardandother": 639698000,
        "revenues": 2311749000,
        "cruisecommissionstransportationandother": 378291000,
        "costofonboardandother": 178269000,
        "costofservicesdirectlabor": 213860000,
        "foodandbeveragecostofsales": 119104000,
        "fuelcosts": 215686000,
        "othercostandexpenseoperating": 311591000,
        "costofrevenue": 1416801000,
        "sellinggeneralandadministrativeexpense": 249954000,
        "depreciationandamortization": 188541000,
        "restructuringcharges": 2040000,
        "operatingincomeloss": 444209000,
        "interestandotherincome": 3299000,
        "interestexpense": 79654000,
        "gainslossesonextinguishmentofdebt": -4200000,
        "othernonoperatingincomeexpense": 2053000,
        "nonoperatingincomeexpense": -78508000,
        "netincomeloss": 28888000,
        "earningspersharebasic": 1.66,
        "earningspersharediluted": 1.65,
        "weightedaveragenumberofsharesoutstandingbasic": 219744000,
        "weightedaveragenumberofdilutedsharesoutstanding": 221004000,
        "othercomprehensiveincomelossforeigncurrencytransactionandtranslationadjustmentnetoftax": 6164000,
        "othercomprehensiveincomelosspensionandotherpostretirementbenefitplansadjustmentnetoftax": -5423000,
        "othercomprehensiveincomelossderivativesqualifyingashedgesnetoftax": 61573000,
        "othercomprehensiveincomelossnetoftax": 73160000,
        "comprehensiveincomenetoftax": 438861000
    },
    {
        "date": "2013-06-29",
        "symbol": "RCL",
        "period": "Q2",
        "passengerrevenue": 1366713000,
        "onboardandother": -15200000,
        "revenues": 1882767000,
        "cruisecommissionstransportationandother": 316506000,
        "costofonboardandother": 140710000,
        "costofservicesdirectlabor": 208975000,
        "foodandbeveragecostofsales": 112530000,
        "fuelcosts": 9408000,
        "othercostandexpenseoperating": 312427000,
        "costofrevenue": 1323619000,
        "sellinggeneralandadministrativeexpense": 259626000,
        "depreciationandamortization": 186184000,
        "operatingincomeloss": 113338000,
        "investmentincomeinterest": 3405000,
        "interestexpense": -5000,
        "othernonoperatingincomeexpense": -239000,
        "nonoperatingincomeexpense": -88591000,
        "netincomeloss": 6540000,
        "earningspersharebasic": 0.01,
        "earningspersharediluted": 0.01,
        "weightedaveragenumberofsharesoutstandingbasic": 219502000,
        "weightedaveragenumberofdilutedsharesoutstanding": 220648000,
        "othercomprehensiveincomelossforeigncurrencytransactionandtranslationadjustmentnetoftax": -1551000,
        "othercomprehensiveincomelosspensionandotherpostretirementbenefitplansadjustmentnetoftax": -5293000,
        "othercomprehensiveincomelossderivativesqualifyingashedgesnetoftax": 17542000,
        "othercomprehensiveincomelossnetoftax": 21284000,
        "comprehensiveincomenetoftax": 46031000
    },
    {
        "date": "2013-03-30",
        "symbol": "RCL",
        "period": "Q1",
        "passengerrevenue": 1393778000,
        "onboardandother": 517442000,
        "revenues": 1911220000,
        "cruisecommissionstransportationandother": 322937000,
        "costofonboardandother": 121487000,
        "costofservicesdirectlabor": 209923000,
        "foodandbeveragecostofsales": 119483000,
        "fuelcosts": 16828000,
        "othercostandexpenseoperating": 266708000,
        "costofrevenue": 1282190000,
        "sellinggeneralandadministrativeexpense": 274034000,
        "depreciationandamortization": -449000,
        "operatingincomeloss": 11000000,
        "investmentincomeinterest": 3747000,
        "interestexpense": -871000,
        "othernonoperatingincomeexpense": -238000,
        "nonoperatingincomeexpense": -89406000,
        "netincomeloss": 11000000,
        "earningspersharebasic": 0.05,
        "earningspersharediluted": 0.05,
        "weightedaveragenumberofsharesoutstandingbasic": 219097000,
        "weightedaveragenumberofdilutedsharesoutstanding": 220484000,
        "othercomprehensiveincomelossforeigncurrencytransactionandtranslationadjustmentnetoftax": -4244000,
        "othercomprehensiveincomelossderivativesqualifyingashedgesnetoftax": -22600000,
        "othercomprehensiveincomelossnetoftax": -4244000,
        "comprehensiveincomenetoftax": 49382000
    },
    {
        "date": "2012-12-30",
        "symbol": "RCL",
        "period": "Q4",
        "passengerrevenue": 1275117000,
        "onboardandother": 531033000,
        "revenues": 1806150000,
        "cruisecommissionstransportationandother": 294720000,
        "costofonboardandother": 124521000,
        "costofservicesdirectlabor": 209921000,
        "foodandbeveragecostofsales": 115409000,
        "fuelcosts": 229302000,
        "othercostandexpenseoperating": 284110000,
        "costofrevenue": 1257983000,
        "sellinggeneralandadministrativeexpense": 255494000,
        "depreciationandamortization": 188536000,
        "operatingincomeloss": -281307000,
        "investmentincomeinterest": 5269000,
        "interestexpense": 89036000,
        "othernonoperatingincomeexpense": -27713000,
        "nonoperatingincomeexpense": -111496000,
        "netincomeloss": -392803000,
        "earningspersharebasic": -1.8099999999999998,
        "earningspersharediluted": -1.7899999999999998,
        "comprehensiveincomenetoftax": -384231000
    },
    {
        "date": "2012-09-29",
        "symbol": "RCL",
        "period": "Q3",
        "passengerrevenue": 1635033000,
        "onboardandother": 591357000,
        "revenues": 2226390000,
        "cruisecommissionstransportationandother": 366100000,
        "costofonboardandother": 166356000,
        "costofservicesdirectlabor": 201644000,
        "foodandbeveragecostofsales": 111315000,
        "fuelcosts": 213434000,
        "othercostandexpenseoperating": 289476000,
        "costofrevenue": 1348325000,
        "sellinggeneralandadministrativeexpense": 243877000,
        "depreciationandamortization": 182051000,
        "operatingincomeloss": 452137000,
        "investmentincomeinterest": 4744000,
        "interestexpense": 84977000,
        "gainslossesonextinguishmentofdebt": -7485000,
        "othernonoperatingincomeexpense": 3360000,
        "nonoperatingincomeexpense": -84358000,
        "netincomeloss": 367779000,
        "earningspersharebasic": 1.69,
        "earningspersharediluted": 1.68,
        "weightedaveragenumberofsharesoutstandingbasic": 217940000,
        "weightedaveragenumberofdilutedsharesoutstanding": 219296000,
        "othercomprehensiveincomelossforeigncurrencytransactionandtranslationadjustmentnetoftax": 1331000,
        "othercomprehensiveincomelossderivativesqualifyingashedgesnetoftax": 81322000,
        "othercomprehensiveincomelossnetoftax": 82653000,
        "comprehensiveincomenetoftax": 450432000
    },
    {
        "date": "2012-06-29",
        "symbol": "RCL",
        "period": "Q2",
        "passengerrevenue": 1332207000,
        "onboardandother": 488797000,
        "revenues": 1821004000,
        "cruisecommissionstransportationandother": 307697000,
        "costofonboardandother": 130981000,
        "costofservicesdirectlabor": 206519000,
        "foodandbeveragecostofsales": 109300000,
        "fuelcosts": 237961000,
        "othercostandexpenseoperating": 303556000,
        "costofrevenue": 1296014000,
        "sellinggeneralandadministrativeexpense": 247571000,
        "depreciationandamortization": 180514000,
        "operatingincomeloss": 96905000,
        "investmentincomeinterest": 4972000,
        "interestexpense": 89106000,
        "othernonoperatingincomeexpense": -16424000,
        "nonoperatingincomeexpense": -100558000,
        "netincomeloss": -3653000,
        "earningspersharebasic": -0.02,
        "earningspersharediluted": -0.02,
        "weightedaveragenumberofsharesoutstandingbasic": 217866000,
        "weightedaveragenumberofdilutedsharesoutstanding": 217866000,
        "othercomprehensiveincomelossforeigncurrencytransactionandtranslationadjustmentnetoftax": -12361000,
        "othercomprehensiveincomelossderivativesqualifyingashedgesnetoftax": -288252000,
        "othercomprehensiveincomelossnetoftax": -300613000,
        "comprehensiveincomenetoftax": -304266000
    },
    {
        "date": "2012-03-30",
        "symbol": "RCL",
        "period": "Q1",
        "passengerrevenue": 1352238000,
        "onboardandother": 482242000,
        "revenues": 1834480000,
        "cruisecommissionstransportationandother": 320738000,
        "costofonboardandother": 107595000,
        "costofservicesdirectlabor": 210114000,
        "foodandbeveragecostofsales": 113625000,
        "fuelcosts": 228994000,
        "othercostandexpenseoperating": 274046000,
        "costofrevenue": 1255112000,
        "sellinggeneralandadministrativeexpense": 264601000,
        "depreciationandamortization": 179392000,
        "operatingincomeloss": 135375000,
        "investmentincomeinterest": 6346000,
        "interestexpense": 92666000,
        "othernonoperatingincomeexpense": -2091000,
        "nonoperatingincomeexpense": -88411000,
        "netincomeloss": 46964000,
        "earningspersharebasic": 0.22,
        "earningspersharediluted": 0.21,
        "weightedaveragenumberofsharesoutstandingbasic": 217584000,
        "weightedaveragenumberofdilutedsharesoutstanding": 219230000,
        "othercomprehensiveincomeforeigncurrencytransactionandtranslationadjustmentnetoftaxperiodincreasedecrease": 3340000,
        "othercomprehensiveincomederivativesqualifyingashedgesnetoftaxperiodincreasedecrease": 147470000,
        "othercomprehensiveincomelossnetoftaxperiodincreasedecrease": 150810000,
        "comprehensiveincomenetoftax": 197774000
    },
    {
        "date": "2011-09-29",
        "symbol": "RCL",
        "period": "Q3",
        "passengerrevenue": 1734328000,
        "onboardandother": 587666000,
        "revenues": 2321994000,
        "cruisecommissionstransportationandother": 405674000,
        "costofonboardandother": 181604000,
        "costofservicesdirectlabor": 210535000,
        "foodandbeveragecostofsales": 113319000,
        "fuelcosts": 202478000,
        "othercostandexpenseoperating": 291690000,
        "costofrevenue": 1405300000,
        "sellinggeneralandadministrativeexpense": 231761000,
        "depreciationandamortization": 177191000,
        "operatingincomeloss": 507742000,
        "investmentincomeinterest": 7070000,
        "interestexpense": 98198000,
        "othernonoperatingincomeexpense": -17656000,
        "nonoperatingincomeexpense": -108784000,
        "netincomeloss": 398958000,
        "earningspersharebasic": 1.84,
        "earningspersharediluted": 1.82,
        "weightedaveragenumberofsharesoutstandingbasic": 217105000,
        "weightedaveragenumberofdilutedsharesoutstanding": 218934000
    },
    {
        "date": "2011-06-29",
        "symbol": "RCL",
        "period": "Q2",
        "passengerrevenue": 1296789000,
        "onboardandother": 471084000,
        "revenues": 1767873000,
        "cruisecommissionstransportationandother": 299174000,
        "costofonboardandother": 134938000,
        "costofservicesdirectlabor": 198794000,
        "foodandbeveragecostofsales": 99149000,
        "fuelcosts": 188128000,
        "othercostandexpenseoperating": 265192000,
        "costofrevenue": 1185375000,
        "sellinggeneralandadministrativeexpense": 242258000,
        "depreciationandamortization": 172050000,
        "operatingincomeloss": 168190000,
        "investmentincomeinterest": 6478000,
        "interestexpense": 92968000,
        "othernonoperatingincomeexpense": 11791000,
        "nonoperatingincomeexpense": -74699000,
        "netincomeloss": 93491000,
        "earningspersharebasic": 0.43,
        "earningspersharediluted": 0.43,
        "weightedaveragenumberofsharesoutstandingbasic": 217028000,
        "weightedaveragenumberofdilutedsharesoutstanding": 219370000
    },
    {
        "date": "2011-03-30",
        "symbol": "RCL",
        "period": "Q1",
        "passengerrevenue": 1226517000,
        "onboardandother": 445478000,
        "revenues": 1671995000,
        "cruisecommissionstransportationandother": 279549000,
        "costofonboardandother": 102490000,
        "costofservicesdirectlabor": 204487000,
        "foodandbeveragecostofsales": 100082000,
        "fuelcosts": 166061000,
        "othercostandexpenseoperating": 248402000,
        "costofrevenue": 1101071000,
        "sellinggeneralandadministrativeexpense": 248138000,
        "depreciationandamortization": 173252000,
        "operatingincomeloss": 149534000,
        "investmentincomeinterest": 3781000,
        "interestexpense": 87483000,
        "othernonoperatingincomeexpense": 25720000,
        "nonoperatingincomeexpense": -57982000,
        "netincomeloss": 91552000,
        "earningspersharebasic": 0.42,
        "earningspersharediluted": 0.42,
        "weightedaveragenumberofsharesoutstandingbasic": 216511000,
        "weightedaveragenumberofdilutedsharesoutstanding": 219626000
    },
    {
        "date": "2010-12-30",
        "symbol": "RCL",
        "period": "Q4",
        "passengerrevenue": 1146108000,
        "onboardandother": 458390000,
        "revenues": 1604498000,
        "cruisecommissionstransportationandother": 285566000,
        "costofonboardandother": 105615000,
        "costofservicesdirectlabor": 202474000,
        "foodandbeveragecostofsales": 101739000,
        "fuelcosts": 163155000,
        "othercostandexpenseoperating": 248440000,
        "costofrevenue": 1106989000,
        "sellinggeneralandadministrativeexpense": 211936000,
        "depreciationandamortization": 163878000,
        "operatingincomeloss": 121695000,
        "investmentincomeinterest": 4696000,
        "interestexpense": 89129000,
        "othernonoperatingincomeexpense": 5445000,
        "nonoperatingincomeexpense": -78988000,
        "netincomeloss": 42707000,
        "earningspersharebasic": 0.1999999999999999,
        "earningspersharediluted": 0.18999999999999984
    },
    {
        "date": "2010-09-29",
        "symbol": "RCL",
        "period": "Q3",
        "passengerrevenue": 1520562000,
        "onboardandother": 540097000,
        "revenues": 2060659000,
        "cruisecommissionstransportationandother": 350166000,
        "costofonboardandother": 159824000,
        "costofservicesdirectlabor": 197070000,
        "foodandbeveragecostofsales": 99969000,
        "fuelcosts": 164786000,
        "othercostandexpenseoperating": 267810000,
        "costofrevenue": 1239625000,
        "sellinggeneralandadministrativeexpense": 213300000,
        "depreciationandamortization": 162232000,
        "operatingincomeloss": 445502000,
        "investmentincomeinterest": 1815000,
        "interestexpense": 82494000,
        "othernonoperatingincomeexpense": -8056000,
        "nonoperatingincomeexpense": -88735000,
        "netincomeloss": 356767000,
        "earningspersharebasic": 1.66,
        "earningspersharediluted": 1.64,
        "weightedaveragenumberofsharesoutstandingbasic": 215150000,
        "weightedaveragenumberofdilutedsharesoutstanding": 217512000
    },
    {
        "date": "2010-06-29",
        "symbol": "RCL",
        "period": "Q2",
        "passengerrevenue": 1159453000,
        "onboardandother": 442244000,
        "revenues": 1601697000,
        "cruisecommissionstransportationandother": 271140000,
        "costofonboardandother": 124190000,
        "costofservicesdirectlabor": 188608000,
        "foodandbeveragecostofsales": 93850000,
        "fuelcosts": 164118000,
        "othercostandexpenseoperating": 244281000,
        "costofrevenue": 1086187000,
        "sellinggeneralandadministrativeexpense": 211795000,
        "depreciationandamortization": 160031000,
        "operatingincomeloss": 143684000,
        "investmentincomeinterest": 1363000,
        "interestexpense": 83846000,
        "othernonoperatingincomeexpense": -655000,
        "nonoperatingincomeexpense": -83138000,
        "netincomeloss": 60546000,
        "earningspersharebasic": 0.28,
        "earningspersharediluted": 0.28,
        "weightedaveragenumberofsharesoutstandingbasic": 215043000,
        "weightedaveragenumberofdilutedsharesoutstanding": 217561000
    },
    {
        "date": "2010-03-30",
        "symbol": "RCL",
        "period": "Q1",
        "passengerrevenue": 1082521000,
        "onboardandother": 403129000,
        "revenues": 1485650000,
        "cruisecommissionstransportationandother": 268650000,
        "costofonboardandother": 90935000,
        "costofservicesdirectlabor": 179434000,
        "foodandbeveragecostofsales": 92647000,
        "fuelcosts": 154939000,
        "othercostandexpenseoperating": 238670000,
        "costofrevenue": 1025275000,
        "sellinggeneralandadministrativeexpense": 211048000,
        "depreciationandamortization": 157575000,
        "operatingincomeloss": 91752000,
        "investmentincomeinterest": 1369000,
        "interestexpense": 83924000,
        "othernonoperatingincomeexpense": 78250000,
        "nonoperatingincomeexpense": -4305000,
        "netincomeloss": 87447000,
        "earningspersharebasic": 0.41,
        "earningspersharediluted": 0.4,
        "weightedaveragenumberofsharesoutstandingbasic": 214314000,
        "weightedaveragenumberofdilutedsharesoutstanding": 216975000
    }
]