[
    {
        "date": "2024-09-29",
        "symbol": "TPL",
        "period": "Q3",
        "revenuefromcontractwithcustomerexcludingassessedtax": 173563000,
        "laborandrelatedexpense": 14030000,
        "waterproductioncosts": 11731000,
        "generalandadministrativeexpense": 4029000,
        "professionalfees": 8316000,
        "taxesexcludingincomeandexcisetaxes": 2189000,
        "landsalesexpense": 175000,
        "depreciationamortizationandaccretionnet": 5762000,
        "costsandexpenses": 46232000,
        "operatingincomeloss": 127331000,
        "nonoperatingincomeexpense": 8086000,
        "incomelossfromcontinuingoperationsbeforeincometaxesextraordinaryitemsnoncontrollinginterest": 135417000,
        "incometaxexpensebenefit": 28823000,
        "netincomeloss": 106594000,
        "othercomprehensiveincomelossnetoftax": -21000,
        "comprehensiveincomenetoftax": 106573000,
        "earningspersharebasic": 4.64,
        "earningspersharediluted": 4.63,
        "weightedaveragenumberofsharesoutstandingbasic": 22979781,
        "weightedaveragenumberofdilutedsharesoutstanding": 23012169,
        "commonstockdividendspersharedeclared": 10,
        "othercomprehensiveincomelosstaxportionattributabletoparent1": 6000
    },
    {
        "date": "2024-03-30",
        "symbol": "TPL",
        "period": "Q1",
        "revenuefromcontractwithcustomerexcludingassessedtax": 92120000,
        "laborandrelatedexpense": 12461000,
        "waterproductioncosts": 10212000,
        "generalandadministrativeexpense": 4924000,
        "professionalfees": 4057000,
        "taxesexcludingincomeandexcisetaxes": 2357000,
        "landsalesexpense": 250000,
        "depreciationamortizationandaccretionnet": 3840000,
        "costsandexpenses": 38101000,
        "operatingincomeloss": 136041000,
        "nonoperatingincomeexpense": 9943000,
        "incomelossfromcontinuingoperationsbeforeincometaxesextraordinaryitemsnoncontrollinginterest": 145984000,
        "incometaxexpensebenefit": 31567000,
        "netincomeloss": 114417000,
        "othercomprehensiveincomelossnetoftax": -21000,
        "comprehensiveincomenetoftax": 114396000,
        "earningspersharebasic": 4.97,
        "earningspersharediluted": 4.97,
        "weightedaveragenumberofsharesoutstandingbasic": 23003001,
        "weightedaveragenumberofdilutedsharesoutstanding": 23020249,
        "commonstockdividendspersharecashpaid": 1.17,
        "othercomprehensiveincomelosstaxportionattributabletoparent1": 6000
    },
    {
        "date": "2023-12-30",
        "symbol": "TPL",
        "period": "Q4",
        "revenuefromcontractwithcustomerexcludingassessedtax": 168664000,
        "laborandrelatedexpense": 10696000,
        "waterproductioncosts": 9070000,
        "generalandadministrativeexpense": 4144000,
        "professionalfees": 3051000,
        "taxesexcludingincomeandexcisetaxes": 1960000,
        "depreciationamortizationandaccretionnet": 3876000,
        "costsandexpenses": 32794000,
        "operatingincomeloss": 133863000,
        "nonoperatingincomeexpense": 11269000,
        "incomelossfromcontinuingoperationsbeforeincometaxesextraordinaryitemsnoncontrollinginterest": 145132000,
        "incometaxexpensebenefit": 32022000,
        "netincomeloss": 248086000,
        "othercomprehensiveincomelossnetoftax": -608000,
        "comprehensiveincomenetoftax": 112502000,
        "earningspersharebasic": 14.75,
        "earningspersharediluted": 14.74,
        "weightedaveragenumberofsharesoutstandingbasic": 7681435,
        "weightedaveragenumberofdilutedsharesoutstanding": 7686615
    },
    {
        "date": "2023-09-29",
        "symbol": "TPL",
        "period": "Q3",
        "revenuefromcontractwithcustomerexcludingassessedtax": 87102000,
        "laborandrelatedexpense": 11499000,
        "waterproductioncosts": 8553000,
        "generalandadministrativeexpense": 3903000,
        "professionalfees": 1689000,
        "taxesexcludingincomeandexcisetaxes": 1781000,
        "depreciationamortizationandaccretionnet": 3584000,
        "costsandexpenses": 31009000,
        "operatingincomeloss": 126958000,
        "nonoperatingincomeexpense": 7979000,
        "incomelossfromcontinuingoperationsbeforeincometaxesextraordinaryitemsnoncontrollinginterest": 134937000,
        "incometaxexpensebenefit": 29363000,
        "netincomeloss": 105574000,
        "othercomprehensiveincomelossnetoftax": -26000,
        "comprehensiveincomenetoftax": 105548000,
        "earningspersharebasic": 13.75,
        "earningspersharediluted": 13.74,
        "weightedaveragenumberofsharesoutstandingbasic": 7675521,
        "weightedaveragenumberofdilutedsharesoutstanding": 7681774,
        "commonstockdividendspersharecashpaid": 3.25,
        "othercomprehensiveincomelosstaxportionattributabletoparent1": -7000
    },
    {
        "date": "2023-06-29",
        "symbol": "TPL",
        "period": "Q2",
        "revenuefromcontractwithcustomerexcludingassessedtax": 59289000,
        "laborandrelatedexpense": 10596000,
        "waterproductioncosts": 10287000,
        "generalandadministrativeexpense": 3329000,
        "professionalfees": 10154000,
        "taxesexcludingincomeandexcisetaxes": 2070000,
        "depreciationamortizationandaccretionnet": 3893000,
        "costsandexpenses": 40329000,
        "operatingincomeloss": 120280000,
        "nonoperatingincomeexpense": 6871000,
        "incomelossfromcontinuingoperationsbeforeincometaxesextraordinaryitemsnoncontrollinginterest": 127151000,
        "incometaxexpensebenefit": 26758000,
        "netincomeloss": 30760000,
        "othercomprehensiveincomelossnetoftax": -26000,
        "comprehensiveincomenetoftax": 100367000,
        "earningspersharebasic": 13.06,
        "earningspersharediluted": 13.05,
        "weightedaveragenumberofsharesoutstandingbasic": 7685662,
        "weightedaveragenumberofdilutedsharesoutstanding": 7690950,
        "commonstockdividendspersharecashpaid": 3.25,
        "othercomprehensiveincomelosstaxportionattributabletoparent1": -8000
    },
    {
        "date": "2023-03-30",
        "symbol": "TPL",
        "period": "Q1",
        "revenuefromcontractwithcustomerexcludingassessedtax": 42339000,
        "laborandrelatedexpense": 10593000,
        "waterproductioncosts": 5656000,
        "generalandadministrativeexpense": 3552000,
        "professionalfees": 16628000,
        "taxesexcludingincomeandexcisetaxes": 1574000,
        "landsalesexpense": 3000,
        "depreciationamortizationandaccretionnet": 3404000,
        "costsandexpenses": 41410000,
        "operatingincomeloss": 104952000,
        "nonoperatingincomeexpense": 5389000,
        "incomelossfromcontinuingoperationsbeforeincometaxesextraordinaryitemsnoncontrollinginterest": 110341000,
        "incometaxexpensebenefit": 23773000,
        "netincomeloss": 21225000,
        "othercomprehensiveincomelossnetoftax": -25000,
        "comprehensiveincomenetoftax": 86543000,
        "earningspersharebasic": 11.25,
        "earningspersharediluted": 11.24,
        "weightedaveragenumberofsharesoutstandingbasic": 7693084,
        "weightedaveragenumberofdilutedsharesoutstanding": 7698398,
        "commonstockdividendspersharecashpaid": 3.25,
        "othercomprehensiveincomelosstaxportionattributabletoparent1": -6000
    },
    {
        "date": "2022-12-30",
        "symbol": "TPL",
        "period": "Q4",
        "revenuefromcontractwithcustomerexcludingassessedtax": 39678000,
        "laborandrelatedexpense": 11732000,
        "waterproductioncosts": 4418000,
        "generalandadministrativeexpense": 3492000,
        "professionalfees": 3747000,
        "realestatetaxexpense": 1878000,
        "depreciationamortizationandaccretionnet": 3153000,
        "costsandexpenses": 28475000,
        "operatingincomeloss": 124231000,
        "nonoperatingincomeexpense": 3922000,
        "incomelossfromcontinuingoperationsbeforeincometaxesextraordinaryitemsnoncontrollinginterest": 128153000,
        "incometaxexpensebenefit": 28422000,
        "netincomeloss": 20108000,
        "othercomprehensiveincomelossnetoftax": 3499000,
        "comprehensiveincomenetoftax": 103230000,
        "earningspersharebasic": 12.950000000000001,
        "earningspersharediluted": 12.940000000000005,
        "weightedaveragenumberofsharesoutstandingbasic": -15467934,
        "weightedaveragenumberofdilutedsharesoutstanding": -15473234,
        "commonstockdividendspersharecashpaid": 11
    },
    {
        "date": "2022-09-29",
        "symbol": "TPL",
        "period": "Q3",
        "revenuefromcontractwithcustomerexcludingassessedtax": 43896000,
        "laborandrelatedexpense": 10697000,
        "waterproductioncosts": 6348000,
        "generalandadministrativeexpense": 3153000,
        "professionalfees": 2106000,
        "realestatetaxexpense": 2835000,
        "depreciationamortizationandaccretionnet": 3917000,
        "costsandexpenses": 29056000,
        "operatingincomeloss": 162055000,
        "nonoperatingincomeexpense": 1920000,
        "incomelossfromcontinuingoperationsbeforeincometaxesextraordinaryitemsnoncontrollinginterest": 163975000,
        "incometaxexpensebenefit": 34138000,
        "netincomeloss": 21649000,
        "othercomprehensiveincomelossnetoftax": 8000,
        "comprehensiveincomenetoftax": 129845000,
        "earningspersharebasic": 16.83,
        "earningspersharediluted": 16.82,
        "weightedaveragenumberofsharesoutstandingbasic": 7714796,
        "weightedaveragenumberofdilutedsharesoutstanding": 7720221,
        "commonstockdividendspersharecashpaid": 3,
        "othercomprehensiveincomelosstaxportionattributabletoparent1": 3000
    },
    {
        "date": "2022-06-29",
        "symbol": "TPL",
        "period": "Q2",
        "revenuefromcontractwithcustomerexcludingassessedtax": 42885000,
        "laborandrelatedexpense": 9588000,
        "waterproductioncosts": 3915000,
        "generalandadministrativeexpense": 3705000,
        "professionalfees": 1163000,
        "realestatetaxexpense": 2011000,
        "depreciationamortizationandaccretionnet": 4180000,
        "costsandexpenses": 24562000,
        "operatingincomeloss": 151708000,
        "nonoperatingincomeexpense": 630000,
        "incomelossfromcontinuingoperationsbeforeincometaxesextraordinaryitemsnoncontrollinginterest": 152338000,
        "incometaxexpensebenefit": 33444000,
        "netincomeloss": 22820000,
        "othercomprehensiveincomelossnetoftax": 8000,
        "comprehensiveincomenetoftax": 118902000,
        "earningspersharebasic": 15.37,
        "earningspersharediluted": 15.37,
        "weightedaveragenumberofsharesoutstandingbasic": 7733730,
        "weightedaveragenumberofdilutedsharesoutstanding": 7737112,
        "commonstockdividendspersharecashpaid": 3,
        "othercomprehensiveincomelosstaxportionattributabletoparent1": 2000
    },
    {
        "date": "2022-03-30",
        "symbol": "TPL",
        "period": "Q1",
        "revenuefromcontractwithcustomerexcludingassessedtax": 33988000,
        "laborandrelatedexpense": 9385000,
        "waterproductioncosts": 2782000,
        "generalandadministrativeexpense": 3000000,
        "professionalfees": 1719000,
        "realestatetaxexpense": 2010000,
        "depreciationamortizationandaccretionnet": 4126000,
        "costsandexpenses": 23022000,
        "operatingincomeloss": 124313000,
        "nonoperatingincomeexpense": 76000,
        "incomelossfromcontinuingoperationsbeforeincometaxesextraordinaryitemsnoncontrollinginterest": 124389000,
        "incometaxexpensebenefit": 26489000,
        "netincomeloss": 16744000,
        "othercomprehensiveincomelossnetoftax": 8000,
        "comprehensiveincomenetoftax": 97908000,
        "earningspersharebasic": 12.65,
        "earningspersharediluted": 12.64,
        "weightedaveragenumberofsharesoutstandingbasic": 7741365,
        "weightedaveragenumberofdilutedsharesoutstanding": 7742710,
        "commonstockdividendspersharecashpaid": 3,
        "othercomprehensiveincomelosstaxportionattributabletoparent1": 2000
    },
    {
        "date": "2021-09-29",
        "symbol": "TPL",
        "period": "Q3",
        "revenuefromcontractwithcustomerexcludingassessedtax": 79098000,
        "laborandrelatedexpense": 8542000,
        "waterproductioncosts": 3650000,
        "generalandadministrativeexpense": 2844000,
        "professionalfees": 1551000,
        "depreciationamortizationandaccretionnet": 3866000,
        "costsandexpenses": 20453000,
        "operatingincomeloss": 103240000,
        "nonoperatingincomeexpense": 513000,
        "incomelossfromcontinuingoperationsbeforeincometaxesextraordinaryitemsnoncontrollinginterest": 103753000,
        "incometaxexpensebenefit": 19916000,
        "netincomeloss": 83837000,
        "othercomprehensiveincomelossnetoftax": 29000,
        "comprehensiveincomenetoftax": 83866000,
        "weightedaveragenumberofsharesoutstandingbasic": 7751329,
        "weightedaveragenumberofdilutedsharesoutstanding": 7751329,
        "earningspersharebasic": 10.82,
        "earningspersharediluted": 10.82,
        "commonstockdividendspersharecashpaid": 2.75,
        "othercomprehensiveincomelosstaxportionattributabletoparent1": 8000
    },
    {
        "date": "2021-06-29",
        "symbol": "TPL",
        "period": "Q2",
        "revenuefromcontractwithcustomerexcludingassessedtax": 58204000,
        "laborandrelatedexpense": 13271000,
        "waterproductioncosts": 3551000,
        "generalandadministrativeexpense": 2841000,
        "professionalfees": 1141000,
        "depreciationamortizationandaccretionnet": 3858000,
        "costsandexpenses": 24662000,
        "operatingincomeloss": 71270000,
        "nonoperatingincomeexpense": 406000,
        "incomelossfromcontinuingoperationsbeforeincometaxesextraordinaryitemsnoncontrollinginterest": 71676000,
        "incometaxexpensebenefit": 14630000,
        "netincomeloss": 57046000,
        "othercomprehensiveincomelossnetoftax": 29000,
        "comprehensiveincomenetoftax": 57075000,
        "weightedaveragenumberofsharesoutstandingbasic": 7755886,
        "weightedaveragenumberofdilutedsharesoutstanding": 7755886,
        "earningspersharebasic": 7.36,
        "earningspersharediluted": 7.36,
        "commonstockdividendspersharecashpaid": 2.75,
        "othercomprehensiveincomelosstaxportionattributabletoparent1": 8000
    },
    {
        "date": "2021-03-30",
        "symbol": "TPL",
        "period": "Q1",
        "revenuefromcontractwithcustomerexcludingassessedtax": 49533000,
        "laborandrelatedexpense": 9979000,
        "waterproductioncosts": 3298000,
        "generalandadministrativeexpense": 2806000,
        "professionalfees": 2212000,
        "depreciationamortizationandaccretionnet": 3838000,
        "costsandexpenses": 22133000,
        "operatingincomeloss": 62022000,
        "nonoperatingincomeexpense": 5000,
        "incomelossfromcontinuingoperationsbeforeincometaxesextraordinaryitemsnoncontrollinginterest": 62027000,
        "currentincometaxexpensebenefit": 12122000,
        "deferredincometaxexpensebenefit": -147000,
        "incometaxexpensebenefit": 11975000,
        "netincomeloss": 50052000,
        "othercomprehensiveincomelossnetoftax": 28000,
        "comprehensiveincomenetoftax": 50080000,
        "weightedaveragenumberofdilutedsharesoutstanding": 7756156,
        "earningspersharebasicanddiluted": 6.45,
        "commonstockdividendspersharecashpaid": 2.75,
        "othercomprehensiveincomelosstaxportionattributabletoparent1": 8000
    }
]