[
    {
        "date": "2024-09-29",
        "symbol": "CTVA",
        "period": "Q3",
        "revenues": 2326000000,
        "costofgoodsandservicessold": 1565000000,
        "researchanddevelopmentexpense": 348000000,
        "sellinggeneralandadministrativeexpense": 671000000,
        "amortizationofintangibleassets": 170000000,
        "restructuringandrelatedcostincurredcost": 32000000,
        "nonoperatingincomeexpense": -69000000,
        "interestanddebtexpense": 66000000,
        "incomelossfromcontinuingoperationsbeforeincometaxesextraordinaryitemsnoncontrollinginterest": -595000000,
        "incometaxexpensebenefit": -105000000,
        "incomelossfromcontinuingoperationsincludingportionattributabletononcontrollinginterest": -490000000,
        "profitloss": -492000000,
        "netincomelossattributabletononcontrollinginterest": -4000000,
        "netincomeloss": -488000000,
        "incomelossfromcontinuingoperationsperbasicshare": -0.74,
        "earningspersharebasic": -0.7499999999999997,
        "incomelossfromcontinuingoperationsperdilutedshare": -0.7399999999999998,
        "earningspersharediluted": -0.7499999999999999,
        "othercomprehensiveincomelossforeigncurrencytransactionandtranslationadjustmentnetoftax": 424000000,
        "othercomprehensiveincomelosscashflowhedgegainlossafterreclassificationandtax": 7000000,
        "unrealizedgainlossoninvestments": 9000000,
        "othercomprehensiveincomelossnetoftax": 438000000,
        "comprehensiveincomenetoftaxincludingportionattributabletononcontrollinginterest": -54000000,
        "comprehensiveincomenetoftaxattributabletononcontrollinginterest": -4000000,
        "comprehensiveincomenetoftax": -50000000,
        "netcashprovidedbyusedinoperatingactivitiescontinuingoperations": -978000000
    },
    {
        "date": "2024-06-29",
        "symbol": "CTVA",
        "period": "Q2",
        "revenues": 6112000000,
        "costofgoodsandservicessold": 2918000000,
        "researchanddevelopmentexpense": 357000000,
        "sellinggeneralandadministrativeexpense": 1054000000,
        "amortizationofintangibleassets": 174000000,
        "restructuringandrelatedcostincurredcost": 92000000,
        "nonoperatingincomeexpense": -113000000,
        "interestanddebtexpense": 66000000,
        "incomelossfromcontinuingoperationsbeforeincometaxesextraordinaryitemsnoncontrollinginterest": 1338000000,
        "incometaxexpensebenefit": 282000000,
        "incomelossfromcontinuingoperationsincludingportionattributabletononcontrollinginterest": 1056000000,
        "incomelossfromdiscontinuedoperationsnetoftax": 0,
        "profitloss": 1056000000,
        "netincomelossattributabletononcontrollinginterest": 3000000,
        "netincomeloss": 1053000000,
        "incomelossfromcontinuingoperationsperbasicshare": 1.51,
        "discontinuedoperationincomelossfromdiscontinuedoperationnetoftaxperbasicshare": 0,
        "earningspersharebasic": 1.5099999999999998,
        "incomelossfromcontinuingoperationsperdilutedshare": 1.4999999999999998,
        "discontinuedoperationincomelossfromdiscontinuedoperationnetoftaxperdilutedshare": 0,
        "earningspersharediluted": 1.5,
        "othercomprehensiveincomelossforeigncurrencytransactionandtranslationadjustmentnetoftax": -326000000,
        "othercomprehensiveincomelosspensionandotherpostretirementbenefitplansadjustmentnetoftax": 0,
        "othercomprehensiveincomelosscashflowhedgegainlossafterreclassificationandtax": 16000000,
        "unrealizedgainlossoninvestments": -1000000,
        "othercomprehensiveincomelossnetoftax": -314000000,
        "comprehensiveincomenetoftaxincludingportionattributabletononcontrollinginterest": 742000000,
        "comprehensiveincomenetoftaxattributabletononcontrollinginterest": 3000000,
        "comprehensiveincomenetoftax": 739000000,
        "netcashprovidedbyusedinoperatingactivitiescontinuingoperations": 607000000
    },
    {
        "date": "2024-03-30",
        "symbol": "CTVA",
        "period": "Q1",
        "revenues": 4492000000,
        "costofgoodsandservicessold": 2550000000,
        "researchanddevelopmentexpense": 332000000,
        "sellinggeneralandadministrativeexpense": 736000000,
        "amortizationofintangibleassets": 177000000,
        "restructuringandrelatedcostincurredcost": 75000000,
        "nonoperatingincomeexpense": -99000000,
        "interestanddebtexpense": 41000000,
        "incomelossfromcontinuingoperationsbeforeincometaxesextraordinaryitemsnoncontrollinginterest": 482000000,
        "incometaxexpensebenefit": 106000000,
        "incomelossfromcontinuingoperationsincludingportionattributabletononcontrollinginterest": 376000000,
        "incomelossfromdiscontinuedoperationsnetoftax": 47000000,
        "profitloss": 423000000,
        "netincomelossattributabletononcontrollinginterest": 4000000,
        "netincomeloss": 419000000,
        "incomelossfromcontinuingoperationsperbasicshare": 0.53,
        "discontinuedoperationincomelossfromdiscontinuedoperationnetoftaxperbasicshare": 0.07,
        "earningspersharebasic": 0.6,
        "incomelossfromcontinuingoperationsperdilutedshare": 0.53,
        "discontinuedoperationincomelossfromdiscontinuedoperationnetoftaxperdilutedshare": 0.07,
        "earningspersharediluted": 0.6,
        "othercomprehensiveincomelossforeigncurrencytransactionandtranslationadjustmentnetoftax": -304000000,
        "othercomprehensiveincomelosspensionandotherpostretirementbenefitplansadjustmentnetoftax": -1000000,
        "othercomprehensiveincomelosscashflowhedgegainlossafterreclassificationandtax": -6000000,
        "unrealizedgainlossoninvestments": -22000000,
        "othercomprehensiveincomelossnetoftax": -333000000,
        "comprehensiveincomenetoftaxincludingportionattributabletononcontrollinginterest": 90000000,
        "comprehensiveincomenetoftaxattributabletononcontrollinginterest": 4000000,
        "comprehensiveincomenetoftax": 86000000,
        "netcashprovidedbyusedinoperatingactivitiescontinuingoperations": -2606000000
    },
    {
        "date": "2023-06-29",
        "symbol": "CTVA",
        "period": "Q2",
        "revenues": 6045000000,
        "costofgoodsandservicessold": 3137000000,
        "researchanddevelopmentexpense": 329000000,
        "sellinggeneralandadministrativeexpense": 1045000000,
        "amortizationofintangibleassets": 174000000,
        "restructuringandassetrelatedchargesnet": 60000000,
        "nonoperatingincomeexpense": -134000000,
        "interestanddebtexpense": 89000000,
        "incomelossfromcontinuingoperationsbeforeincometaxesextraordinaryitemsnoncontrollinginterest": -1077000000,
        "incometaxexpensebenefit": -202000000,
        "incomefromcontinuingoperationsaftertaxes": 875000000,
        "incomelossfromcontinuingoperationsincludingportionattributabletononcontrollinginterest": 880000000,
        "incomelossfromdiscontinuedoperationsnetoftax": -163000000,
        "profitloss": 1000000,
        "netincomelossattributabletononcontrollinginterest": 1000000,
        "netincomeloss": 711000000,
        "incomelossfromcontinuingoperationsperbasicshare": 1.23,
        "discontinuedoperationincomelossfromdiscontinuedoperationnetoftaxperbasicshare": -0.23,
        "earningspersharebasic": 1,
        "incomelossfromcontinuingoperationsperdilutedshare": 1.23,
        "discontinuedoperationincomelossfromdiscontinuedoperationnetoftaxperdilutedshare": -0.23,
        "earningspersharediluted": 1,
        "othercomprehensiveincomelossforeigncurrencytransactionandtranslationadjustmentnetoftax": 148000000,
        "othercomprehensiveincomelosspensionandotherpostretirementbenefitplansadjustmentnetoftax": 2000000,
        "othercomprehensiveincomelossderivativesqualifyingashedgesnetoftax": -85000000,
        "othercomprehensiveincomelossnetoftax": 62000000,
        "comprehensiveincomenetoftaxincludingportionattributabletononcontrollinginterest": 774000000,
        "comprehensiveincomenetoftaxattributabletononcontrollinginterest": 1000000,
        "comprehensiveincomenetoftax": 773000000
    },
    {
        "date": "2023-03-30",
        "symbol": "CTVA",
        "period": "Q1",
        "revenues": 4884000000,
        "costofgoodsandservicessold": 2771000000,
        "researchanddevelopmentexpense": 316000000,
        "sellinggeneralandadministrativeexpense": 726000000,
        "amortizationofintangibleassets": 160000000,
        "restructuringandassetrelatedchargesnet": 33000000,
        "nonoperatingincomeexpense": -71000000,
        "interestanddebtexpense": 44000000,
        "incomelossfromcontinuingoperationsbeforeincometaxesextraordinaryitemsnoncontrollinginterest": 763000000,
        "incometaxexpensebenefit": 166000000,
        "incomefromcontinuingoperationsaftertaxes": 597000000,
        "incomelossfromcontinuingoperationsincludingportionattributabletononcontrollinginterest": 607000000,
        "incomelossfromdiscontinuedoperationsnetoftax": -8000000,
        "profitloss": 1000000,
        "netincomelossattributabletononcontrollinginterest": 1000000,
        "netincomeloss": 588000000,
        "incomelossfromcontinuingoperationsperbasicshare": 0.85,
        "discontinuedoperationincomelossfromdiscontinuedoperationnetoftaxperbasicshare": -0.01,
        "earningspersharebasic": 0.84,
        "incomelossfromcontinuingoperationsperdilutedshare": 0.84,
        "discontinuedoperationincomelossfromdiscontinuedoperationnetoftaxperdilutedshare": -0.01,
        "earningspersharediluted": 0.83,
        "othercomprehensiveincomelossforeigncurrencytransactionandtranslationadjustmentnetoftax": 134000000,
        "othercomprehensiveincomelosspensionandotherpostretirementbenefitplansadjustmentnetoftax": 2000000,
        "othercomprehensiveincomelossderivativesqualifyingashedgesnetoftax": -67000000,
        "othercomprehensiveincomelossnetoftax": 67000000,
        "comprehensiveincomenetoftaxincludingportionattributabletononcontrollinginterest": 656000000,
        "comprehensiveincomenetoftaxattributabletononcontrollinginterest": 1000000,
        "comprehensiveincomenetoftax": 655000000
    },
    {
        "date": "2022-12-30",
        "symbol": "CTVA",
        "period": "Q4",
        "revenues": 3825000000,
        "costofgoodsandservicessold": 2510000000,
        "researchanddevelopmentexpense": 340000000,
        "sellinggeneralandadministrativeexpense": 764000000,
        "amortizationofintangibleassets": 166000000,
        "restructuringandassetrelatedchargesnet": 63000000,
        "nonoperatingincomeexpense": -149000000,
        "interestanddebtexpense": 48000000,
        "incomelossfromcontinuingoperationsbeforeincometaxesextraordinaryitemsnoncontrollinginterest": -215000000,
        "incometaxexpensebenefit": -165000000,
        "incomelossfromcontinuingoperationsincludingportionattributabletononcontrollinginterest": -75000000,
        "incomelossfromdiscontinuedoperationsnetoftax": -12000000,
        "profitloss": 216000000,
        "netincomeloss": -62000000,
        "incomelossfromcontinuingoperationsperbasicshare": -0.04999999999999982,
        "discontinuedoperationincomelossfromdiscontinuedoperationnetoftaxperbasicshare": -0.020000000000000004,
        "earningspersharebasic": -0.06999999999999984,
        "incomelossfromcontinuingoperationsperdilutedshare": -0.050000000000000266,
        "discontinuedoperationincomelossfromdiscontinuedoperationnetoftaxperdilutedshare": -0.020000000000000004,
        "earningspersharediluted": -0.07000000000000006,
        "othercomprehensiveincomelossforeigncurrencytransactionandtranslationadjustmentnetoftax": 528000000,
        "othercomprehensiveincomelosspensionandotherpostretirementbenefitplansadjustmentnetoftax": -180000000,
        "othercomprehensiveincomelossderivativesqualifyingashedgesnetoftax": -34000000,
        "othercomprehensiveincomelossnetoftax": 786000000,
        "comprehensiveincomenetoftaxincludingportionattributabletononcontrollinginterest": 724000000,
        "comprehensiveincomenetoftaxattributabletononcontrollinginterest": -6000000,
        "comprehensiveincomenetoftax": 724000000
    },
    {
        "date": "2022-09-29",
        "symbol": "CTVA",
        "period": "Q3",
        "revenues": 2777000000,
        "costofgoodsandservicessold": 1879000000,
        "researchanddevelopmentexpense": 312000000,
        "sellinggeneralandadministrativeexpense": 657000000,
        "amortizationofintangibleassets": 178000000,
        "restructuringandassetrelatedchargesnet": 152000000,
        "nonoperatingincomeexpense": 23000000,
        "interestanddebtexpense": 18000000,
        "incomelossfromcontinuingoperationsbeforeincometaxesextraordinaryitemsnoncontrollinginterest": -396000000,
        "incometaxexpensebenefit": -74000000,
        "incomefromcontinuingoperationsaftertaxes": -333000000,
        "incomelossfromcontinuingoperationsincludingportionattributabletononcontrollinginterest": -322000000,
        "incomelossfromdiscontinuedoperationsnetoftax": -6000000,
        "profitloss": -328000000,
        "netincomelossattributabletononcontrollinginterest": 3000000,
        "netincomeloss": -331000000,
        "incomelossfromcontinuingoperationsperbasicshare": -0.45,
        "discontinuedoperationincomelossfromdiscontinuedoperationnetoftaxperbasicshare": -0.01,
        "earningspersharebasic": -0.46,
        "incomelossfromcontinuingoperationsperdilutedshare": -0.45,
        "discontinuedoperationincomelossfromdiscontinuedoperationnetoftaxperdilutedshare": -0.01,
        "earningspersharediluted": -0.46,
        "othercomprehensiveincomelossforeigncurrencytransactionandtranslationadjustmentnetoftax": -533000000,
        "othercomprehensiveincomelosspensionandotherpostretirementbenefitplansadjustmentnetoftax": -113000000,
        "othercomprehensiveincomelossderivativesqualifyingashedgesnetoftax": 50000000,
        "othercomprehensiveincomelossnetoftax": -369000000,
        "comprehensiveincomenetoftaxincludingportionattributabletononcontrollinginterest": -697000000,
        "comprehensiveincomenetoftaxattributabletononcontrollinginterest": 3000000,
        "comprehensiveincomenetoftax": -700000000
    },
    {
        "date": "2022-06-29",
        "symbol": "CTVA",
        "period": "Q2",
        "revenues": 6252000000,
        "costofgoodsandservicessold": 3323000000,
        "researchanddevelopmentexpense": 296000000,
        "sellinggeneralandadministrativeexpense": 1017000000,
        "amortizationofintangibleassets": 179000000,
        "restructuringandassetrelatedchargesnet": 143000000,
        "nonoperatingincomeexpense": 49000000,
        "interestanddebtexpense": 26000000,
        "incomelossfromcontinuingoperationsbeforeincometaxesextraordinaryitemsnoncontrollinginterest": 1317000000,
        "incometaxexpensebenefit": 322000000,
        "incomefromcontinuingoperationsaftertaxes": 995000000,
        "incomelossfromcontinuingoperationsincludingportionattributabletononcontrollinginterest": 1002000000,
        "incomelossfromdiscontinuedoperationsnetoftax": -30000000,
        "profitloss": 965000000,
        "netincomelossattributabletononcontrollinginterest": 3000000,
        "netincomeloss": 965000000,
        "incomelossfromcontinuingoperationsperbasicshare": 1.38,
        "discontinuedoperationincomelossfromdiscontinuedoperationnetoftaxperbasicshare": -0.04,
        "earningspersharebasic": 1.34,
        "incomelossfromcontinuingoperationsperdilutedshare": 1.37,
        "discontinuedoperationincomelossfromdiscontinuedoperationnetoftaxperdilutedshare": -0.04,
        "earningspersharediluted": 1.33,
        "othercomprehensiveincomelossforeigncurrencytransactionandtranslationadjustmentnetoftax": -426000000,
        "othercomprehensiveincomelosspensionandotherpostretirementbenefitplansadjustmentnetoftax": -7000000,
        "othercomprehensiveincomelossderivativesqualifyingashedgesnetoftax": 17000000,
        "othercomprehensiveincomelossnetoftax": -402000000,
        "comprehensiveincomenetoftaxincludingportionattributabletononcontrollinginterest": 563000000,
        "comprehensiveincomenetoftaxattributabletononcontrollinginterest": 3000000,
        "comprehensiveincomenetoftax": 563000000
    },
    {
        "date": "2022-03-30",
        "symbol": "CTVA",
        "period": "Q1",
        "revenues": 4601000000,
        "costofgoodsandservicessold": 2724000000,
        "researchanddevelopmentexpense": 268000000,
        "sellinggeneralandadministrativeexpense": 735000000,
        "amortizationofintangibleassets": 179000000,
        "restructuringandassetrelatedchargesnet": 5000000,
        "nonoperatingincomeexpense": 17000000,
        "interestanddebtexpense": 18000000,
        "incomelossfromcontinuingoperationsbeforeincometaxesextraordinaryitemsnoncontrollinginterest": 689000000,
        "incometaxexpensebenefit": 119000000,
        "incomefromcontinuingoperationsaftertaxes": 570000000,
        "incomelossfromcontinuingoperationsincludingportionattributabletononcontrollinginterest": 577000000,
        "incomelossfromdiscontinuedoperationsnetoftax": -10000000,
        "profitloss": 1000000,
        "netincomelossattributabletononcontrollinginterest": 1000000,
        "netincomeloss": 559000000,
        "incomelossfromcontinuingoperationsperbasicshare": 0.79,
        "discontinuedoperationincomelossfromdiscontinuedoperationnetoftaxperbasicshare": -0.01,
        "earningspersharebasic": 0.78,
        "incomelossfromcontinuingoperationsperdilutedshare": 0.79,
        "discontinuedoperationincomelossfromdiscontinuedoperationnetoftaxperdilutedshare": -0.01,
        "earningspersharediluted": 0.78,
        "othercomprehensiveincomelossforeigncurrencytransactionandtranslationadjustmentnetoftax": 91000000,
        "othercomprehensiveincomelosspensionandotherpostretirementbenefitplansadjustmentnetoftax": -3000000,
        "othercomprehensiveincomelossderivativesqualifyingashedgesnetoftax": -25000000,
        "othercomprehensiveincomelossnetoftax": 77000000,
        "comprehensiveincomenetoftaxincludingportionattributabletononcontrollinginterest": 637000000,
        "comprehensiveincomenetoftaxattributabletononcontrollinginterest": 1000000,
        "comprehensiveincomenetoftax": 636000000
    },
    {
        "date": "2021-09-29",
        "symbol": "CTVA",
        "period": "Q3",
        "revenues": 2371000000,
        "costofgoodsandservicessold": 1558000000,
        "researchanddevelopmentexpense": 297000000,
        "sellinggeneralandadministrativeexpense": 672000000,
        "amortizationofintangibleassets": 180000000,
        "restructuringandassetrelatedchargesnet": 26000000,
        "nonoperatingincomeexpense": 378000000,
        "interestanddebtexpense": 19000000,
        "incomelossfromcontinuingoperationsbeforeincometaxesextraordinaryitemsnoncontrollinginterest": -3000000,
        "incometaxexpensebenefit": -30000000,
        "incomefromcontinuingoperationsaftertaxes": 27000000,
        "incomelossfromcontinuingoperationsincludingportionattributabletononcontrollinginterest": 36000000,
        "incomelossfromdiscontinuedoperationsnetoftax": -4000000,
        "profitloss": 23000000,
        "netincomeloss": 24000000,
        "incomelossfromcontinuingoperationsperbasicshare": 0.05999999999999994,
        "discontinuedoperationincomelossfromdiscontinuedoperationnetoftaxperbasicshare": -0.009999999999999997,
        "earningspersharebasic": 0.04999999999999982,
        "incomelossfromcontinuingoperationsperdilutedshare": 0.04999999999999982,
        "discontinuedoperationincomelossfromdiscontinuedoperationnetoftaxperdilutedshare": -0.009999999999999997,
        "earningspersharediluted": 0.040000000000000036,
        "othercomprehensiveincomelossforeigncurrencytransactionandtranslationadjustmentnetoftax": -264000000,
        "othercomprehensiveincomelosspensionandotherpostretirementbenefitplansadjustmentnetoftax": 157000000,
        "othercomprehensiveincomelossderivativesqualifyingashedgesnetoftax": 11000000,
        "othercomprehensiveincomelossnetoftax": -400000000,
        "comprehensiveincomenetoftaxincludingportionattributabletononcontrollinginterest": -377000000,
        "comprehensiveincomenetoftax": -376000000
    },
    {
        "date": "2021-06-29",
        "symbol": "CTVA",
        "period": "Q2",
        "revenues": 5627000000,
        "costofgoodsandservicessold": 3010000000,
        "researchanddevelopmentexpense": 293000000,
        "sellinggeneralandadministrativeexpense": 998000000,
        "amortizationofintangibleassets": 180000000,
        "restructuringandassetrelatedchargesnet": 135000000,
        "nonoperatingincomeexpense": 298000000,
        "interestanddebtexpense": 7000000,
        "incomelossfromcontinuingoperationsbeforeincometaxesextraordinaryitemsnoncontrollinginterest": 1302000000,
        "incometaxexpensebenefit": 284000000,
        "incomefromcontinuingoperationsaftertaxes": 1008000000,
        "incomelossfromcontinuingoperationsincludingportionattributabletononcontrollinginterest": 1018000000,
        "incomelossfromdiscontinuedoperationsnetoftax": -45000000,
        "profitloss": 973000000,
        "netincomelossattributabletononcontrollinginterest": 3000000,
        "netincomeloss": 970000000,
        "incomelossfromcontinuingoperationsperbasicshare": 1.37,
        "discontinuedoperationincomelossfromdiscontinuedoperationnetoftaxperbasicshare": -0.060000000000000005,
        "earningspersharebasic": 1.31,
        "incomelossfromcontinuingoperationsperdilutedshare": 1.37,
        "discontinuedoperationincomelossfromdiscontinuedoperationnetoftaxperdilutedshare": -0.060000000000000005,
        "earningspersharediluted": 1.3099999999999998,
        "othercomprehensiveincomelossforeigncurrencytransactionandtranslationadjustmentnetoftax": 243000000,
        "othercomprehensiveincomelosspensionandotherpostretirementbenefitplansadjustmentnetoftax": -8000000,
        "unrealizedgainlossoninvestments": 0,
        "othercomprehensiveincomelossderivativesqualifyingashedgesnetoftax": 31000000,
        "othercomprehensiveincomelossnetoftax": 122000000,
        "comprehensiveincomenetoftaxincludingportionattributabletononcontrollinginterest": 1095000000,
        "comprehensiveincomenetoftaxattributabletononcontrollinginterest": 3000000,
        "comprehensiveincomenetoftax": 1092000000
    },
    {
        "date": "2021-03-30",
        "symbol": "CTVA",
        "period": "Q1",
        "revenues": 4178000000,
        "costofgoodsandservicessold": 2420000000,
        "researchanddevelopmentexpense": 281000000,
        "sellinggeneralandadministrativeexpense": 733000000,
        "amortizationofintangibleassets": 183000000,
        "restructuringandassetrelatedchargesnet": 100000000,
        "nonoperatingincomeexpense": 337000000,
        "interestanddebtexpense": 7000000,
        "incomelossfromcontinuingoperationsbeforeincometaxesextraordinaryitemsnoncontrollinginterest": 791000000,
        "incometaxexpensebenefit": 178000000,
        "incomefromcontinuingoperationsaftertaxes": 602000000,
        "incomelossfromcontinuingoperationsincludingportionattributabletononcontrollinginterest": 613000000,
        "incomelossfromdiscontinuedoperationsnetoftax": -10000000,
        "profitloss": 603000000,
        "netincomelossattributabletononcontrollinginterest": 3000000,
        "netincomeloss": 600000000,
        "incomelossfromcontinuingoperationsperbasicshare": 0.82,
        "discontinuedoperationincomelossfromdiscontinuedoperationnetoftaxperbasicshare": -0.01,
        "earningspersharebasic": 0.81,
        "incomelossfromcontinuingoperationsperdilutedshare": 0.81,
        "discontinuedoperationincomelossfromdiscontinuedoperationnetoftaxperdilutedshare": -0.01,
        "earningspersharediluted": 0.8,
        "othercomprehensiveincomelossforeigncurrencytransactionandtranslationadjustmentnetoftax": -403000000,
        "othercomprehensiveincomelosspensionandotherpostretirementbenefitplansadjustmentnetoftax": -8000000,
        "unrealizedgainlossoninvestments": 10000000,
        "othercomprehensiveincomelossderivativesqualifyingashedgesnetoftax": 65000000,
        "othercomprehensiveincomelossnetoftax": -477000000,
        "comprehensiveincomenetoftaxincludingportionattributabletononcontrollinginterest": 126000000,
        "comprehensiveincomenetoftaxattributabletononcontrollinginterest": 3000000,
        "comprehensiveincomenetoftax": 123000000
    },
    {
        "date": "2020-12-30",
        "symbol": "CTVA",
        "period": "Q4",
        "revenues": 3207000000,
        "costofgoodsandservicessold": 2112000000,
        "researchanddevelopmentexpense": 305000000,
        "sellinggeneralandadministrativeexpense": 724000000,
        "amortizationofintangibleassets": 181000000,
        "nonoperatingincomeexpense": 92000000,
        "interestanddebtexpense": 10000000,
        "incomelossfromcontinuingoperationsbeforeincometaxesextraordinaryitemsnoncontrollinginterest": -70000000,
        "incometaxexpensebenefit": -169000000,
        "incomelossfromcontinuingoperationsincludingportionattributabletononcontrollinginterest": 99000000,
        "profitloss": 43000000,
        "netincomelossattributabletononcontrollinginterest": 2000000,
        "netincomeloss": 41000000,
        "incomelossfromcontinuingoperationsperbasicshare": 0.13,
        "earningspersharebasic": 0.05999999999999994,
        "incomelossfromcontinuingoperationsperdilutedshare": 0.13,
        "earningspersharediluted": 0.05999999999999994,
        "othercomprehensiveincomelossforeigncurrencytransactionandtranslationadjustmentnetoftax": 481000000,
        "othercomprehensiveincomelossderivativesqualifyingashedgesnetoftax": -53000000,
        "othercomprehensiveincomelossnetoftax": 906000000,
        "comprehensiveincomenetoftaxincludingportionattributabletononcontrollinginterest": 949000000,
        "comprehensiveincomenetoftaxattributabletononcontrollinginterest": 2000000,
        "comprehensiveincomenetoftax": 947000000
    },
    {
        "date": "2020-09-29",
        "symbol": "CTVA",
        "period": "Q3",
        "revenues": 1863000000,
        "costofgoodsandservicessold": 1297000000,
        "researchanddevelopmentexpense": 284000000,
        "sellinggeneralandadministrativeexpense": 597000000,
        "amortizationofintangibleassets": 162000000,
        "nonoperatingincomeexpense": 30000000,
        "interestanddebtexpense": 11000000,
        "incomelossfromcontinuingoperationsbeforeincometaxesextraordinaryitemsnoncontrollinginterest": -507000000,
        "incometaxexpensebenefit": -117000000,
        "incomelossfromcontinuingoperationsincludingportionattributabletononcontrollinginterest": -390000000,
        "profitloss": -390000000,
        "netincomelossattributabletononcontrollinginterest": 2000000,
        "netincomeloss": -392000000,
        "incomelossfromcontinuingoperationsperbasicshare": -0.5200000000000002,
        "earningspersharebasic": -0.5200000000000002,
        "incomelossfromcontinuingoperationsperdilutedshare": -0.5200000000000002,
        "earningspersharediluted": -0.5200000000000002,
        "othercomprehensiveincomelossforeigncurrencytransactionandtranslationadjustmentnetoftax": 68000000,
        "othercomprehensiveincomelosspensionandotherpostretirementbenefitplansadjustmentnetoftax": 0,
        "othercomprehensiveincomelossderivativesqualifyingashedgesnetoftax": -20000000,
        "othercomprehensiveincomelossnetoftax": 49000000,
        "comprehensiveincomenetoftaxincludingportionattributabletononcontrollinginterest": -341000000,
        "comprehensiveincomenetoftaxattributabletononcontrollinginterest": 2000000,
        "comprehensiveincomenetoftax": -343000000
    },
    {
        "date": "2020-06-29",
        "symbol": "CTVA",
        "period": "Q2",
        "profitloss": 766000000,
        "othercomprehensiveincomelossforeigncurrencytransactionandtranslationadjustmentnetoftax": 97000000,
        "othercomprehensiveincomelosspensionandotherpostretirementbenefitplansadjustmentnetoftax": 9000000,
        "othercomprehensiveincomelossderivativesqualifyingashedgesnetoftax": -2000000,
        "othercomprehensiveincomelossnetoftax": 88000000,
        "comprehensiveincomenetoftaxincludingportionattributabletononcontrollinginterest": 854000000,
        "comprehensiveincomenetoftaxattributabletononcontrollinginterest": 6000000,
        "comprehensiveincomenetoftax": 848000000,
        "revenues": 5191000000,
        "costofgoodsandservicessold": 2829000000,
        "researchanddevelopmentexpense": 273000000,
        "sellinggeneralandadministrativeexpense": 965000000,
        "amortizationofintangibleassets": 176000000,
        "restructuringsettlementandimpairmentprovisions": 179000000,
        "nonoperatingincomeexpense": 89000000,
        "interestanddebtexpense": 14000000,
        "incomelossfromcontinuingoperationsbeforeincometaxesextraordinaryitemsnoncontrollinginterest": 844000000,
        "incometaxexpensebenefit": 78000000,
        "incomelossfromcontinuingoperationsincludingportionattributabletononcontrollinginterest": 766000000,
        "incomelossfromdiscontinuedoperationsnetoftax": 0,
        "netincomelossattributabletononcontrollinginterest": 6000000,
        "netincomeloss": 760000000,
        "incomelossfromcontinuingoperationsperbasicshare": 1.0100000000000002,
        "earningspersharebasic": 1.0100000000000002,
        "incomelossfromcontinuingoperationsperdilutedshare": 1.0100000000000002,
        "earningspersharediluted": 1.0100000000000002
    },
    {
        "date": "2020-03-30",
        "symbol": "CTVA",
        "period": "Q1",
        "profitloss": 282000000,
        "othercomprehensiveincomelossforeigncurrencytransactionandtranslationadjustmentnetoftax": -672000000,
        "othercomprehensiveincomelosspensionandotherpostretirementbenefitplansadjustmentnetoftax": -3000000,
        "othercomprehensiveincomelossderivativesqualifyingashedgesnetoftax": 6000000,
        "othercomprehensiveincomelossnetoftax": -663000000,
        "comprehensiveincomenetoftaxincludingportionattributabletononcontrollinginterest": -381000000,
        "comprehensiveincomenetoftaxattributabletononcontrollinginterest": 10000000,
        "comprehensiveincomenetoftax": -391000000,
        "revenues": 3956000000,
        "costofgoodsandservicessold": 2269000000,
        "researchanddevelopmentexpense": 280000000,
        "sellinggeneralandadministrativeexpense": 757000000,
        "amortizationofintangibleassets": 163000000,
        "restructuringsettlementandimpairmentprovisions": 70000000,
        "nonoperatingincomeexpense": 1000000,
        "interestanddebtexpense": 10000000,
        "incomelossfromcontinuingoperationsbeforeincometaxesextraordinaryitemsnoncontrollinginterest": 408000000,
        "incometaxexpensebenefit": 127000000,
        "incomelossfromcontinuingoperationsincludingportionattributabletononcontrollinginterest": 281000000,
        "incomelossfromdiscontinuedoperationsnetoftax": 1000000,
        "netincomelossattributabletononcontrollinginterest": 10000000,
        "netincomeloss": 272000000,
        "incomelossfromcontinuingoperationsperbasicshare": 0.36,
        "earningspersharebasic": 0.36,
        "incomelossfromcontinuingoperationsperdilutedshare": 0.36,
        "earningspersharediluted": 0.36
    },
    {
        "date": "2019-12-30",
        "symbol": "CTVA",
        "period": "Q4",
        "profitloss": -18000000,
        "othercomprehensiveincomelossforeigncurrencytransactionandtranslationadjustmentnetoftax": 197000000,
        "othercomprehensiveincomelosspensionandotherpostretirementbenefitplansadjustmentnetoftax": 731000000,
        "othercomprehensiveincomelossnetoftax": -603000000,
        "comprehensiveincomenetoftaxincludingportionattributabletononcontrollinginterest": -621000000,
        "comprehensiveincomenetoftaxattributabletononcontrollinginterest": 3000000,
        "comprehensiveincomenetoftax": -624000000,
        "revenues": 2983000000,
        "costofgoodsandservicessold": 1968000000,
        "researchanddevelopmentexpense": 290000000,
        "sellinggeneralandadministrativeexpense": 747000000,
        "amortizationofintangibleassets": 161000000,
        "restructuringsettlementandimpairmentprovisions": 55000000,
        "businesscombinationintegrationandseparationrelatedcosts": 50000000,
        "nonoperatingincomeexpense": 125000000,
        "interestanddebtexpense": 24000000,
        "incomelossfromcontinuingoperationsbeforeincometaxesextraordinaryitemsnoncontrollinginterest": -187000000,
        "incometaxexpensebenefit": -145000000,
        "incomelossfromcontinuingoperationsincludingportionattributabletononcontrollinginterest": -42000000,
        "netincomelossattributabletononcontrollinginterest": 3000000,
        "netincomeloss": -21000000
    },
    {
        "date": "2019-09-29",
        "symbol": "CTVA",
        "period": "Q3",
        "profitloss": -505000000,
        "othercomprehensiveincomelossforeigncurrencytransactionandtranslationadjustmentnetoftax": -297000000,
        "othercomprehensiveincomelosspensionandotherpostretirementbenefitplansadjustmentnetoftax": -5000000,
        "othercomprehensiveincomelossderivativesqualifyingashedgesnetoftax": 0,
        "othercomprehensiveincomelossnetoftax": -292000000,
        "comprehensiveincomenetoftaxincludingportionattributabletononcontrollinginterest": -797000000,
        "comprehensiveincomenetoftaxattributabletononcontrollinginterest": -11000000,
        "comprehensiveincomenetoftax": -786000000,
        "revenues": 1911000000,
        "costofgoodsandservicessold": 1349000000,
        "researchanddevelopmentexpense": 289000000,
        "sellinggeneralandadministrativeexpense": 646000000,
        "amortizationofintangibleassets": 100000000,
        "restructuringsettlementandimpairmentprovisions": 46000000,
        "businesscombinationintegrationandseparationrelatedcosts": 152000000,
        "nonoperatingincomeexpense": 59000000,
        "interestanddebtexpense": 19000000,
        "incomelossfromcontinuingoperationsbeforeincometaxesextraordinaryitemsnoncontrollinginterest": -631000000,
        "incometaxexpensebenefit": -104000000,
        "incomelossfromcontinuingoperationsincludingportionattributabletononcontrollinginterest": -527000000,
        "netincomelossattributabletononcontrollinginterest": -11000000,
        "netincomeloss": -494000000
    },
    {
        "date": "2019-06-29",
        "symbol": "CTVA",
        "period": "Q2",
        "profitloss": -503000000,
        "othercomprehensiveincomelossforeigncurrencytransactionandtranslationadjustmentnetoftax": -106000000,
        "othercomprehensiveincomelosspensionandotherpostretirementbenefitplansadjustmentnetoftax": -2000000,
        "othercomprehensiveincomelossderivativesqualifyingashedgesnetoftax": 22000000,
        "othercomprehensiveincomelossnetoftax": -161000000,
        "comprehensiveincomenetoftaxincludingportionattributabletononcontrollinginterest": -663000000,
        "comprehensiveincomenetoftaxattributabletononcontrollinginterest": 22000000,
        "comprehensiveincomenetoftax": -685000000,
        "revenues": 6842000000,
        "costofgoodsandservicessold": 5262000000,
        "researchanddevelopmentexpense": 213000000,
        "sellinggeneralandadministrativeexpense": 702000000,
        "amortizationofintangibleassets": -106000000,
        "restructuringsettlementandimpairmentprovisions": 65000000,
        "businesscombinationintegrationandseparationrelatedcosts": 137000000,
        "nonoperatingincomeexpense": -126000000,
        "interestanddebtexpense": 37000000,
        "incomelossfromcontinuingoperationsbeforeincometaxesextraordinaryitemsnoncontrollinginterest": 453000000,
        "incometaxexpensebenefit": 202000000,
        "incomelossfromcontinuingoperationsincludingportionattributabletononcontrollinginterest": 302000000,
        "netincomelossattributabletononcontrollinginterest": 22000000,
        "netincomeloss": -529000000
    },
    {
        "date": "2019-03-30",
        "symbol": "CTVA",
        "period": "Q1",
        "profitloss": 85000000,
        "othercomprehensiveincomelossforeigncurrencytransactionandtranslationadjustmentnetoftax": -68000000,
        "othercomprehensiveincomelosspensionandotherpostretirementbenefitplansadjustmentnetoftax": -6000000,
        "othercomprehensiveincomelossderivativesqualifyingashedgesnetoftax": 1000000,
        "othercomprehensiveincomelossnetoftax": -68000000,
        "comprehensiveincomenetoftaxincludingportionattributabletononcontrollinginterest": 16000000,
        "comprehensiveincomenetoftaxattributabletononcontrollinginterest": 4000000,
        "comprehensiveincomenetoftax": 12000000,
        "revenues": 2110000000,
        "costofgoodsandservicessold": -4000000,
        "researchanddevelopmentexpense": 355000000,
        "sellinggeneralandadministrativeexpense": 970000000,
        "amortizationofintangibleassets": 320000000,
        "restructuringsettlementandimpairmentprovisions": 56000000,
        "businesscombinationintegrationandseparationrelatedcosts": 405000000,
        "nonoperatingincomeexpense": 157000000,
        "interestanddebtexpense": 56000000,
        "incomelossfromcontinuingoperationsbeforeincometaxesextraordinaryitemsnoncontrollinginterest": 49000000,
        "incometaxexpensebenefit": 1000000,
        "incomelossfromcontinuingoperationsincludingportionattributabletononcontrollinginterest": -3000000,
        "netincomelossattributabletononcontrollinginterest": 4000000,
        "netincomeloss": 85000000
    }
]