[
    {
        "date": "2024-09-29",
        "symbol": "XOM",
        "period": "Q3",
        "revenues": 87792000000,
        "crudeoilandproductpurchases": 4000000,
        "productionandmanufacturingexpenses": 9881000000,
        "sellinggeneralandadministrativeexpense": 2296000000,
        "depreciationdepletionandamortization": 6258000000,
        "explorationexpense": 339000000,
        "netperiodicdefinedbenefitsexpensereversalofexpenseexcludingservicecostcomponent": 33000000,
        "interestexpense": 207000000,
        "taxesother": 6715000000,
        "costsandexpenses": 76990000000,
        "incomelossfromcontinuingoperationsbeforeincometaxesextraordinaryitemsnoncontrollinginterest": 13026000000,
        "incometaxexpensebenefit": 4055000000,
        "profitloss": 8971000000,
        "netincomelossattributabletononcontrollinginterest": 361000000,
        "netincomeloss": 8610000000,
        "earningspersharebasic": 1.92,
        "earningspersharediluted": 1.92,
        "othercomprehensiveincomeforeigncurrencytransactionandtranslationgainlossarisingduringperiodnetoftax": 1315000000,
        "othercomprehensiveincomelosspensionandotherpostretirementbenefitplansadjustmentnetoftax": 17000000,
        "othercomprehensiveincomepostretirementbenefitsrecognizedinnetperiodicpensioncostnetoftax": 16000000,
        "othercomprehensiveincomelossnetoftax": 1314000000,
        "comprehensiveincomenetoftaxincludingportionattributabletononcontrollinginterest": 10285000000,
        "comprehensiveincomenetoftaxattributabletononcontrollinginterest": 447000000,
        "comprehensiveincomenetoftax": 9838000000
    },
    {
        "date": "2024-06-29",
        "symbol": "XOM",
        "period": "Q2",
        "revenues": 89986000000,
        "crudeoilandproductpurchases": 5000000,
        "productionandmanufacturingexpenses": 9804000000,
        "sellinggeneralandadministrativeexpense": 2568000000,
        "depreciationdepletionandamortization": 5787000000,
        "explorationexpense": 153000000,
        "netperiodicdefinedbenefitsexpensereversalofexpenseexcludingservicecostcomponent": 34000000,
        "interestexpense": 271000000,
        "taxesother": 6579000000,
        "costsandexpenses": 79395000000,
        "incomelossfromcontinuingoperationsbeforeincometaxesextraordinaryitemsnoncontrollinginterest": 13665000000,
        "incometaxexpensebenefit": 4094000000,
        "profitloss": 9571000000,
        "netincomelossattributabletononcontrollinginterest": 331000000,
        "netincomeloss": 9240000000,
        "earningspersharebasic": 2.14,
        "earningspersharediluted": 2.14,
        "othercomprehensiveincomeforeigncurrencytransactionandtranslationgainlossarisingduringperiodnetoftax": -115000000,
        "othercomprehensiveincomelosspensionandotherpostretirementbenefitplansadjustmentnetoftax": -29000000,
        "othercomprehensiveincomepostretirementbenefitsrecognizedinnetperiodicpensioncostnetoftax": 17000000,
        "othercomprehensiveincomelossnetoftax": -69000000,
        "comprehensiveincomenetoftaxincludingportionattributabletononcontrollinginterest": 9502000000,
        "comprehensiveincomenetoftaxattributabletononcontrollinginterest": 280000000,
        "comprehensiveincomenetoftax": 9222000000
    },
    {
        "date": "2024-03-30",
        "symbol": "XOM",
        "period": "Q1",
        "revenues": 80411000000,
        "crudeoilandproductpurchases": 47601000000,
        "productionandmanufacturingexpenses": 9091000000,
        "sellinggeneralandadministrativeexpense": 2495000000,
        "depreciationdepletionandamortization": 4812000000,
        "explorationexpense": 148000000,
        "netperiodicdefinedbenefitsexpensereversalofexpenseexcludingservicecostcomponent": 23000000,
        "interestexpense": 221000000,
        "taxesother": 6323000000,
        "costsandexpenses": 70714000000,
        "incomelossfromcontinuingoperationsbeforeincometaxesextraordinaryitemsnoncontrollinginterest": 12369000000,
        "incometaxexpensebenefit": 3803000000,
        "profitloss": 8566000000,
        "netincomelossattributabletononcontrollinginterest": 346000000,
        "netincomeloss": 8220000000,
        "earningspersharebasic": 2.06,
        "earningspersharediluted": 2.06,
        "othercomprehensiveincomeforeigncurrencytransactionandtranslationgainlossarisingduringperiodnetoftax": -1267000000,
        "othercomprehensiveincomelosspensionandotherpostretirementbenefitplansadjustmentnetoftax": 42000000,
        "othercomprehensiveincomepostretirementbenefitsrecognizedinnetperiodicpensioncostnetoftax": 9000000,
        "othercomprehensiveincomelossnetoftax": -1300000000,
        "comprehensiveincomenetoftaxincludingportionattributabletononcontrollinginterest": 7266000000,
        "comprehensiveincomenetoftaxattributabletononcontrollinginterest": 226000000,
        "comprehensiveincomenetoftax": 7040000000
    },
    {
        "date": "2023-09-29",
        "symbol": "XOM",
        "period": "Q3",
        "revenues": 88570000000,
        "crudeoilandproductpurchases": 53076000000,
        "productionandmanufacturingexpenses": 8696000000,
        "sellinggeneralandadministrativeexpense": 2489000000,
        "depreciationdepletionandamortization": 4415000000,
        "explorationexpense": 338000000,
        "netperiodicdefinedbenefitsexpensereversalofexpenseexcludingservicecostcomponent": 166000000,
        "interestexpense": 169000000,
        "taxesother": 7712000000,
        "costsandexpenses": 77061000000,
        "incomelossfromcontinuingoperationsbeforeincometaxesextraordinaryitemsnoncontrollinginterest": 13699000000,
        "incometaxexpensebenefit": 4353000000,
        "profitloss": 9346000000,
        "netincomelossattributabletononcontrollinginterest": 276000000,
        "netincomeloss": 9070000000,
        "earningspersharebasic": 2.25,
        "earningspersharediluted": 2.25,
        "othercomprehensiveincomeforeigncurrencytransactionandtranslationgainlossarisingduringperiodnetoftax": -933000000,
        "othercomprehensiveincomelossforeigncurrencytransactionandtranslationreclassificationadjustmentfromaocirealizeduponsaleorliquidationnetoftax": -549000000,
        "othercomprehensiveincomelosspensionandotherpostretirementbenefitplansadjustmentnetoftax": -11000000,
        "othercomprehensiveincomepostretirementbenefitsrecognizedinnetperiodicpensioncostnetoftax": 6000000,
        "othercomprehensiveincomelossnetoftax": -367000000,
        "comprehensiveincomenetoftaxincludingportionattributabletononcontrollinginterest": 8979000000,
        "comprehensiveincomenetoftaxattributabletononcontrollinginterest": 340000000,
        "comprehensiveincomenetoftax": 8639000000
    },
    {
        "date": "2023-06-29",
        "symbol": "XOM",
        "period": "Q2",
        "revenues": 80795000000,
        "crudeoilandproductpurchases": 47598000000,
        "productionandmanufacturingexpenses": 8860000000,
        "sellinggeneralandadministrativeexpense": 2449000000,
        "depreciationdepletionandamortization": 4242000000,
        "explorationexpense": 133000000,
        "netperiodicdefinedbenefitsexpensereversalofexpenseexcludingservicecostcomponent": 164000000,
        "interestexpense": 249000000,
        "taxesother": 7563000000,
        "costsandexpenses": 71258000000,
        "incomelossfromcontinuingoperationsbeforeincometaxesextraordinaryitemsnoncontrollinginterest": 11656000000,
        "incometaxexpensebenefit": 3503000000,
        "profitloss": 8153000000,
        "netincomelossattributabletononcontrollinginterest": 273000000,
        "netincomeloss": 7880000000,
        "earningspersharebasic": 1.94,
        "earningspersharediluted": 1.94,
        "othercomprehensiveincomeforeigncurrencytransactionandtranslationgainlossarisingduringperiodnetoftax": 514000000,
        "othercomprehensiveincomelosspensionandotherpostretirementbenefitplansadjustmentnetoftax": -17000000,
        "othercomprehensiveincomepostretirementbenefitsrecognizedinnetperiodicpensioncostnetoftax": 7000000,
        "othercomprehensiveincomelossnetoftax": 538000000,
        "comprehensiveincomenetoftaxincludingportionattributabletononcontrollinginterest": 8691000000,
        "comprehensiveincomenetoftaxattributabletononcontrollinginterest": 373000000,
        "comprehensiveincomenetoftax": 8318000000
    },
    {
        "date": "2023-03-30",
        "symbol": "XOM",
        "period": "Q1",
        "revenues": 83644000000,
        "crudeoilandproductpurchases": 46003000000,
        "productionandmanufacturingexpenses": 9436000000,
        "sellinggeneralandadministrativeexpense": 2390000000,
        "depreciationdepletionandamortization": 4244000000,
        "explorationexpense": 141000000,
        "netperiodicdefinedbenefitsexpensereversalofexpenseexcludingservicecostcomponent": 167000000,
        "interestexpense": 159000000,
        "taxesother": 7221000000,
        "costsandexpenses": 69761000000,
        "incomelossfromcontinuingoperationsbeforeincometaxesextraordinaryitemsnoncontrollinginterest": 16803000000,
        "incometaxexpensebenefit": 4960000000,
        "profitloss": 11843000000,
        "netincomelossattributabletononcontrollinginterest": 413000000,
        "netincomeloss": 11430000000,
        "earningspersharebasic": 2.79,
        "earningspersharediluted": 2.79,
        "othercomprehensiveincomeforeigncurrencytransactionandtranslationgainlossarisingduringperiodnetoftax": 173000000,
        "othercomprehensiveincomelosspensionandotherpostretirementbenefitplansadjustmentnetoftax": -19000000,
        "othercomprehensiveincomepostretirementbenefitsrecognizedinnetperiodicpensioncostnetoftax": 6000000,
        "othercomprehensiveincomelossnetoftax": 198000000,
        "comprehensiveincomenetoftaxincludingportionattributabletononcontrollinginterest": 12041000000,
        "comprehensiveincomenetoftaxattributabletononcontrollinginterest": 436000000,
        "comprehensiveincomenetoftax": 11605000000
    },
    {
        "date": "2022-09-29",
        "symbol": "XOM",
        "period": "Q3",
        "revenuefromcontractwithcustomerexcludingassessedtax": 106512000000,
        "incomelossfromequitymethodinvestments": 4632000000,
        "othernonoperatingincomeexpense": 926000000,
        "revenues": 112070000000,
        "crudeoilandproductpurchases": 60197000000,
        "productionandmanufacturingexpenses": 11317000000,
        "sellinggeneralandadministrativeexpense": 2324000000,
        "depreciationdepletionandamortization": 5642000000,
        "explorationexpense": 218000000,
        "netperiodicdefinedbenefitsexpensereversalofexpenseexcludingservicecostcomponent": 154000000,
        "interestexpense": 209000000,
        "taxesother": 6587000000,
        "costsandexpenses": 86648000000,
        "incomelossfromcontinuingoperationsbeforeincometaxesextraordinaryitemsnoncontrollinginterest": 25422000000,
        "incometaxexpensebenefit": 5224000000,
        "profitloss": 20198000000,
        "netincomelossattributabletononcontrollinginterest": 538000000,
        "netincomeloss": 19660000000,
        "earningspersharebasic": 4.68,
        "earningspersharediluted": 4.68,
        "othercomprehensiveincomeforeigncurrencytransactionandtranslationgainlossarisingduringperiodnetoftax": -3361000000,
        "othercomprehensiveincomelosspensionandotherpostretirementbenefitplansadjustmentnetoftax": -108000000,
        "othercomprehensiveincomepostretirementbenefitsrecognizedinnetperiodicpensioncostnetoftax": 128000000,
        "othercomprehensiveincomelossnetoftax": -3125000000,
        "comprehensiveincomenetoftaxincludingportionattributabletononcontrollinginterest": 17073000000,
        "comprehensiveincomenetoftaxattributabletononcontrollinginterest": 199000000,
        "comprehensiveincomenetoftax": 16874000000
    },
    {
        "date": "2022-06-29",
        "symbol": "XOM",
        "period": "Q2",
        "revenuefromcontractwithcustomerexcludingassessedtax": 111265000000,
        "incomelossfromequitymethodinvestments": 3688000000,
        "othernonoperatingincomeexpense": 728000000,
        "revenues": 115681000000,
        "crudeoilandproductpurchases": 65613000000,
        "productionandmanufacturingexpenses": 10686000000,
        "sellinggeneralandadministrativeexpense": 2530000000,
        "depreciationdepletionandamortization": 4451000000,
        "explorationexpense": 286000000,
        "netperiodicdefinedbenefitsexpensereversalofexpenseexcludingservicecostcomponent": 120000000,
        "interestexpense": 194000000,
        "taxesother": 6868000000,
        "costsandexpenses": 90748000000,
        "incomelossfromcontinuingoperationsbeforeincometaxesextraordinaryitemsnoncontrollinginterest": 24933000000,
        "incometaxexpensebenefit": 6359000000,
        "profitloss": 18574000000,
        "netincomelossattributabletononcontrollinginterest": 724000000,
        "netincomeloss": 17850000000,
        "earningspersharebasic": 4.21,
        "earningspersharediluted": 4.21,
        "othercomprehensiveincomeforeigncurrencytransactionandtranslationgainlossarisingduringperiodnetoftax": -2537000000,
        "othercomprehensiveincomelosspensionandotherpostretirementbenefitplansadjustmentnetoftax": -155000000,
        "othercomprehensiveincomepostretirementbenefitsrecognizedinnetperiodicpensioncostnetoftax": 102000000,
        "othercomprehensiveincomelossnetoftax": -2280000000,
        "comprehensiveincomenetoftaxincludingportionattributabletononcontrollinginterest": 16294000000,
        "comprehensiveincomenetoftaxattributabletononcontrollinginterest": 547000000,
        "comprehensiveincomenetoftax": 15747000000
    },
    {
        "date": "2022-03-30",
        "symbol": "XOM",
        "period": "Q1",
        "revenuefromcontractwithcustomerexcludingassessedtax": 87734000000,
        "incomelossfromequitymethodinvestments": 2538000000,
        "othernonoperatingincomeexpense": 228000000,
        "revenues": 90500000000,
        "crudeoilandproductpurchases": 52388000000,
        "productionandmanufacturingexpenses": 10241000000,
        "sellinggeneralandadministrativeexpense": 2409000000,
        "depreciationdepletionandamortization": 8883000000,
        "explorationexpense": 173000000,
        "netperiodicdefinedbenefitsexpensereversalofexpenseexcludingservicecostcomponent": 108000000,
        "interestexpense": 188000000,
        "taxesother": 7554000000,
        "costsandexpenses": 81944000000,
        "incomelossfromcontinuingoperationsbeforeincometaxesextraordinaryitemsnoncontrollinginterest": 8556000000,
        "incometaxexpensebenefit": 2806000000,
        "profitloss": 5750000000,
        "netincomelossattributabletononcontrollinginterest": 270000000,
        "netincomeloss": 5480000000,
        "earningspersharebasic": 1.28,
        "earningspersharediluted": 1.28,
        "othercomprehensiveincomeforeigncurrencytransactionandtranslationgainlossarisingduringperiodnetoftax": 741000000,
        "othercomprehensiveincomelosspensionandotherpostretirementbenefitplansadjustmentnetoftax": -105000000,
        "othercomprehensiveincomepostretirementbenefitsrecognizedinnetperiodicpensioncostnetoftax": 93000000,
        "othercomprehensiveincomelossnetoftax": 939000000,
        "comprehensiveincomenetoftaxincludingportionattributabletononcontrollinginterest": 6689000000,
        "comprehensiveincomenetoftaxattributabletononcontrollinginterest": 359000000,
        "comprehensiveincomenetoftax": 6330000000
    },
    {
        "date": "2021-12-30",
        "symbol": "XOM",
        "period": "Q4",
        "revenuefromcontractwithcustomerexcludingassessedtax": 81305000000,
        "incomelossfromequitymethodinvestments": 2078000000,
        "othernonoperatingincomeexpense": 1582000000,
        "revenues": 84965000000,
        "crudeoilandproductpurchases": 45489000000,
        "productionandmanufacturingexpenses": 10783000000,
        "sellinggeneralandadministrativeexpense": 2514000000,
        "depreciationdepletionandamortization": 5661000000,
        "explorationexpense": 524000000,
        "netperiodicdefinedbenefitsexpensereversalofexpenseexcludingservicecostcomponent": 100000000,
        "interestexpense": 221000000,
        "taxesother": 7944000000,
        "costsandexpenses": 73236000000,
        "incomelossfromcontinuingoperationsbeforeincometaxesextraordinaryitemsnoncontrollinginterest": 11729000000,
        "incometaxexpensebenefit": 2650000000,
        "profitloss": 9079000000,
        "netincomelossattributabletononcontrollinginterest": 209000000,
        "netincomeloss": 8870000000,
        "earningspersharebasic": 2.079999999999999,
        "earningspersharediluted": 2.079999999999999,
        "othercomprehensiveincomeforeigncurrencytransactionandtranslationgainlossarisingduringperiodnetoftax": 181000000,
        "othercomprehensiveincomelosspensionandotherpostretirementbenefitplansadjustmentnetoftax": -2813000000,
        "othercomprehensiveincomepostretirementbenefitsrecognizedinnetperiodicpensioncostnetoftax": 136000000,
        "othercomprehensiveincomelossnetoftax": 3128000000,
        "comprehensiveincomenetoftaxincludingportionattributabletononcontrollinginterest": 12207000000,
        "comprehensiveincomenetoftaxattributabletononcontrollinginterest": 405000000,
        "comprehensiveincomenetoftax": 11802000000
    },
    {
        "date": "2021-09-29",
        "symbol": "XOM",
        "period": "Q3",
        "revenuefromcontractwithcustomerexcludingassessedtax": 71892000000,
        "incomelossfromequitymethodinvestments": 1670000000,
        "othernonoperatingincomeexpense": 224000000,
        "revenues": 73786000000,
        "crudeoilandproductpurchases": 39745000000,
        "productionandmanufacturingexpenses": 8719000000,
        "sellinggeneralandadministrativeexpense": 2287000000,
        "depreciationdepletionandamortization": 4990000000,
        "explorationexpense": 190000000,
        "netperiodicdefinedbenefitsexpensereversalofexpenseexcludingservicecostcomponent": 146000000,
        "interestexpense": 214000000,
        "taxesother": 7889000000,
        "costsandexpenses": 64180000000,
        "incomelossfromcontinuingoperationsbeforeincometaxesextraordinaryitemsnoncontrollinginterest": 9606000000,
        "incometaxexpensebenefit": 2664000000,
        "profitloss": 6942000000,
        "netincomelossattributabletononcontrollinginterest": 192000000,
        "netincomeloss": 6750000000,
        "earningspersharebasic": 1.57,
        "earningspersharediluted": 1.57,
        "othercomprehensiveincomeforeigncurrencytransactionandtranslationgainlossarisingduringperiodnetoftax": -1625000000,
        "othercomprehensiveincomelosspensionandotherpostretirementbenefitplansadjustmentnetoftax": -184000000,
        "othercomprehensiveincomepostretirementbenefitsrecognizedinnetperiodicpensioncostnetoftax": 196000000,
        "othercomprehensiveincomelossnetoftax": -1245000000,
        "comprehensiveincomenetoftaxincludingportionattributabletononcontrollinginterest": 5697000000,
        "comprehensiveincomenetoftaxattributabletononcontrollinginterest": 57000000,
        "comprehensiveincomenetoftax": 5640000000
    },
    {
        "date": "2021-06-29",
        "symbol": "XOM",
        "period": "Q2",
        "revenuefromcontractwithcustomerexcludingassessedtax": 65943000000,
        "incomelossfromequitymethodinvestments": 1436000000,
        "othernonoperatingincomeexpense": 363000000,
        "revenues": 67742000000,
        "crudeoilandproductpurchases": 37329000000,
        "productionandmanufacturingexpenses": 8471000000,
        "sellinggeneralandadministrativeexpense": 2345000000,
        "depreciationdepletionandamortization": 4952000000,
        "explorationexpense": 176000000,
        "netperiodicdefinedbenefitsexpensereversalofexpenseexcludingservicecostcomponent": 162000000,
        "interestexpense": 254000000,
        "taxesother": 7746000000,
        "costsandexpenses": 61435000000,
        "incomelossfromcontinuingoperationsbeforeincometaxesextraordinaryitemsnoncontrollinginterest": 6307000000,
        "incometaxexpensebenefit": 1526000000,
        "profitloss": 4781000000,
        "netincomelossattributabletononcontrollinginterest": 91000000,
        "netincomeloss": 4690000000,
        "earningspersharebasic": 1.1,
        "earningspersharediluted": 1.1,
        "othercomprehensiveincomeforeigncurrencytransactionandtranslationgainlossarisingduringperiodnetoftax": 423000000,
        "othercomprehensiveincomelosspensionandotherpostretirementbenefitplansadjustmentnetoftax": 47000000,
        "othercomprehensiveincomepostretirementbenefitsrecognizedinnetperiodicpensioncostnetoftax": 215000000,
        "othercomprehensiveincomelossnetoftax": 591000000,
        "comprehensiveincomenetoftaxincludingportionattributabletononcontrollinginterest": 5372000000,
        "comprehensiveincomenetoftaxattributabletononcontrollinginterest": 178000000,
        "comprehensiveincomenetoftax": 5194000000
    },
    {
        "date": "2021-03-30",
        "symbol": "XOM",
        "period": "Q1",
        "revenuefromcontractwithcustomerexcludingassessedtax": 57552000000,
        "incomelossfromequitymethodinvestments": 1473000000,
        "othernonoperatingincomeexpense": 122000000,
        "revenues": 59147000000,
        "crudeoilandproductpurchases": 32601000000,
        "productionandmanufacturingexpenses": 8062000000,
        "sellinggeneralandadministrativeexpense": 2428000000,
        "depreciationdepletionandamortization": 5004000000,
        "explorationexpense": 164000000,
        "netperiodicdefinedbenefitsexpensereversalofexpenseexcludingservicecostcomponent": 378000000,
        "interestexpense": 258000000,
        "taxesother": 6660000000,
        "costsandexpenses": 55555000000,
        "incomelossfromcontinuingoperationsbeforeincometaxesextraordinaryitemsnoncontrollinginterest": 3592000000,
        "incometaxexpensebenefit": 796000000,
        "profitloss": 2796000000,
        "netincomelossattributabletononcontrollinginterest": 66000000,
        "netincomeloss": 2730000000,
        "earningspersharebasic": 0.64,
        "earningspersharediluted": 0.64,
        "othercomprehensiveincomeforeigncurrencytransactionandtranslationgainlossarisingduringperiodnetoftax": 149000000,
        "othercomprehensiveincomelosspensionandotherpostretirementbenefitplansadjustmentnetoftax": -168000000,
        "othercomprehensiveincomepostretirementbenefitsrecognizedinnetperiodicpensioncostnetoftax": 378000000,
        "othercomprehensiveincomelossnetoftax": 695000000,
        "comprehensiveincomenetoftaxincludingportionattributabletononcontrollinginterest": 3491000000,
        "comprehensiveincomenetoftaxattributabletononcontrollinginterest": 146000000,
        "comprehensiveincomenetoftax": 3345000000
    },
    {
        "date": "2020-12-30",
        "symbol": "XOM",
        "period": "Q4",
        "revenuefromcontractwithcustomerexcludingassessedtax": 130013000000,
        "incomelossfromequitymethodinvestments": 337000000,
        "othernonoperatingincomeexpense": 465000000,
        "revenues": 46540000000,
        "crudeoilandproductpurchases": 70587000000,
        "productionandmanufacturingexpenses": 8136000000,
        "sellinggeneralandadministrativeexpense": 2736000000,
        "depreciationdepletionandamortization": 30291000000,
        "explorationexpense": 595000000,
        "netperiodicdefinedbenefitsexpensereversalofexpenseexcludingservicecostcomponent": 393000000,
        "interestexpense": 313000000,
        "taxesother": 6784000000,
        "costsandexpenses": 73153000000,
        "incomelossfromcontinuingoperationsbeforeincometaxesextraordinaryitemsnoncontrollinginterest": -26613000000,
        "incometaxexpensebenefit": -6010000000,
        "profitloss": -22293000000,
        "netincomelossattributabletononcontrollinginterest": -533000000,
        "netincomeloss": -20209000000,
        "earningspersharebasic": -4.7,
        "earningspersharediluted": -4.7,
        "othercomprehensiveincomeforeigncurrencytransactionandtranslationgainlossarisingduringperiodnetoftax": 2685000000,
        "othercomprehensiveincomelosspensionandotherpostretirementbenefitplansadjustmentnetoftax": -234000000,
        "othercomprehensiveincomepostretirementbenefitsrecognizedinnetperiodicpensioncostnetoftax": 292000000,
        "othercomprehensiveincomelossnetoftax": 1599000000,
        "comprehensiveincomenetoftaxincludingportionattributabletononcontrollinginterest": -16880000000,
        "comprehensiveincomenetoftaxattributabletononcontrollinginterest": -294000000,
        "comprehensiveincomenetoftax": -16586000000
    },
    {
        "date": "2020-09-29",
        "symbol": "XOM",
        "period": "Q3",
        "revenuefromcontractwithcustomerexcludingassessedtax": 45425000000,
        "incomelossfromequitymethodinvestments": 517000000,
        "othernonoperatingincomeexpense": 257000000,
        "revenues": 46199000000,
        "crudeoilandproductpurchases": 23950000000,
        "productionandmanufacturingexpenses": 7103000000,
        "sellinggeneralandadministrativeexpense": 2444000000,
        "depreciationdepletionandamortization": 4983000000,
        "explorationexpense": 188000000,
        "netperiodicdefinedbenefitsexpensereversalofexpenseexcludingservicecostcomponent": 272000000,
        "interestexpense": 279000000,
        "taxesother": 7352000000,
        "costsandexpenses": 46571000000,
        "incomelossfromcontinuingoperationsbeforeincometaxesextraordinaryitemsnoncontrollinginterest": -372000000,
        "incometaxexpensebenefit": 337000000,
        "profitloss": -709000000,
        "netincomelossattributabletononcontrollinginterest": -29000000,
        "netincomeloss": -680000000,
        "earningspersharebasic": -0.15,
        "earningspersharediluted": -0.15,
        "othercomprehensiveincomeforeigncurrencytransactionandtranslationgainlossarisingduringperiodnetoftax": 1469000000,
        "othercomprehensiveincomelossforeigncurrencytransactionandtranslationreclassificationadjustmentfromaocirealizeduponsaleorliquidationnetoftax": -14000000,
        "othercomprehensiveincomelosspensionandotherpostretirementbenefitplansadjustmentnetoftax": 140000000,
        "othercomprehensiveincomepostretirementbenefitsrecognizedinnetperiodicpensioncostnetoftax": 206000000,
        "othercomprehensiveincomelossnetoftax": 1549000000,
        "comprehensiveincomenetoftaxincludingportionattributabletononcontrollinginterest": 840000000,
        "comprehensiveincomenetoftaxattributabletononcontrollinginterest": 92000000,
        "comprehensiveincomenetoftax": 748000000
    },
    {
        "date": "2020-06-29",
        "symbol": "XOM",
        "period": "Q2",
        "revenuefromcontractwithcustomerexcludingassessedtax": 1247000000,
        "incomelossfromequitymethodinvestments": 103000000,
        "othernonoperatingincomeexpense": 225000000,
        "revenues": 32605000000,
        "crudeoilandproductpurchases": -178000000,
        "productionandmanufacturingexpenses": 6895000000,
        "sellinggeneralandadministrativeexpense": 2409000000,
        "depreciationdepletionandamortization": 4916000000,
        "explorationexpense": 214000000,
        "netperiodicdefinedbenefitsexpensereversalofexpenseexcludingservicecostcomponent": 271000000,
        "interestexpense": 317000000,
        "taxesother": 5154000000,
        "costsandexpenses": 34245000000,
        "incomelossfromcontinuingoperationsbeforeincometaxesextraordinaryitemsnoncontrollinginterest": -1640000000,
        "incometaxexpensebenefit": -471000000,
        "profitloss": -89000000,
        "netincomelossattributabletononcontrollinginterest": -89000000,
        "netincomeloss": -872000000,
        "earningspersharebasic": -0.26,
        "earningspersharediluted": -0.26,
        "othercomprehensiveincomeforeigncurrencytransactionandtranslationgainlossarisingduringperiodnetoftax": 2875000000,
        "othercomprehensiveincomelosspensionandotherpostretirementbenefitplansadjustmentnetoftax": 136000000,
        "othercomprehensiveincomepostretirementbenefitsrecognizedinnetperiodicpensioncostnetoftax": 203000000,
        "othercomprehensiveincomelossnetoftax": 220000000,
        "comprehensiveincomenetoftaxincludingportionattributabletononcontrollinginterest": 1773000000,
        "comprehensiveincomenetoftaxattributabletononcontrollinginterest": 131000000,
        "comprehensiveincomenetoftax": 1642000000
    },
    {
        "date": "2020-03-30",
        "symbol": "XOM",
        "period": "Q1",
        "revenuefromcontractwithcustomerexcludingassessedtax": 1889000000,
        "incomelossfromequitymethodinvestments": 775000000,
        "othernonoperatingincomeexpense": 249000000,
        "revenues": 56158000000,
        "crudeoilandproductpurchases": -352000000,
        "productionandmanufacturingexpenses": 8297000000,
        "sellinggeneralandadministrativeexpense": 2579000000,
        "depreciationdepletionandamortization": 5819000000,
        "explorationexpense": 288000000,
        "netperiodicdefinedbenefitsexpensereversalofexpenseexcludingservicecostcomponent": 269000000,
        "interestexpense": 249000000,
        "taxesother": 6832000000,
        "costsandexpenses": 56416000000,
        "incomelossfromcontinuingoperationsbeforeincometaxesextraordinaryitemsnoncontrollinginterest": -258000000,
        "incometaxexpensebenefit": 512000000,
        "profitloss": -160000000,
        "netincomelossattributabletononcontrollinginterest": -160000000,
        "netincomeloss": -679000000,
        "earningspersharebasic": -0.14,
        "earningspersharediluted": -0.14,
        "othercomprehensiveincomeforeigncurrencytransactionandtranslationgainlossarisingduringperiodnetoftax": -5113000000,
        "othercomprehensiveincomelosspensionandotherpostretirementbenefitplansadjustmentnetoftax": -72000000,
        "othercomprehensiveincomepostretirementbenefitsrecognizedinnetperiodicpensioncostnetoftax": 195000000,
        "othercomprehensiveincomelossnetoftax": -512000000,
        "comprehensiveincomenetoftaxincludingportionattributabletononcontrollinginterest": -6128000000,
        "comprehensiveincomenetoftaxattributabletononcontrollinginterest": -672000000,
        "comprehensiveincomenetoftax": -5456000000
    },
    {
        "date": "2019-12-30",
        "symbol": "XOM",
        "period": "Q4",
        "incomelossfromequitymethodinvestments": -4668000000,
        "revenues": 198145000000,
        "crudeoilandproductpurchases": 104000000,
        "productionandmanufacturingexpenses": 9486000000,
        "sellinggeneralandadministrativeexpense": 3048000000,
        "depreciationdepletionandamortization": -13226000000,
        "explorationexpense": 357000000,
        "interestexpense": 102000000,
        "taxesother": 4203000000,
        "costsandexpenses": 60759000000,
        "incomelossfromcontinuingoperationsbeforeincometaxesextraordinaryitemsnoncontrollinginterest": 6414000000,
        "incometaxexpensebenefit": 1153000000,
        "profitloss": -2254000000,
        "netincomelossattributabletononcontrollinginterest": 40000000,
        "netincomeloss": -1683000000,
        "earningspersharebasic": 1.3299999999999998,
        "earningspersharediluted": 1.3299999999999998,
        "othercomprehensiveincomeforeigncurrencytransactionandtranslationgainlossarisingduringperiodnetoftax": 1632000000,
        "othercomprehensiveincomelosspensionandotherpostretirementbenefitplansadjustmentnetoftax": 1973000000,
        "othercomprehensiveincomepostretirementbenefitsrecognizedinnetperiodicpensioncostnetoftax": 51000000,
        "othercomprehensiveincomelossnetoftax": -695000000,
        "comprehensiveincomenetoftaxincludingportionattributabletononcontrollinginterest": 5475000000,
        "comprehensiveincomenetoftaxattributabletononcontrollinginterest": 1000000,
        "comprehensiveincomenetoftax": 5474000000
    },
    {
        "date": "2019-09-29",
        "symbol": "XOM",
        "period": "Q3",
        "revenuefromcontractwithcustomerexcludingassessedtax": 1964000000,
        "incomelossfromequitymethodinvestments": 1196000000,
        "othernonoperatingincomeexpense": 431000000,
        "revenues": 65049000000,
        "crudeoilandproductpurchases": 60000000,
        "productionandmanufacturingexpenses": 8848000000,
        "sellinggeneralandadministrativeexpense": 2753000000,
        "depreciationdepletionandamortization": 4873000000,
        "explorationexpense": 299000000,
        "netperiodicdefinedbenefitsexpensereversalofexpenseexcludingservicecostcomponent": 357000000,
        "interestexpense": 232000000,
        "taxesother": 7676000000,
        "costsandexpenses": 60328000000,
        "incomelossfromcontinuingoperationsbeforeincometaxesextraordinaryitemsnoncontrollinginterest": 4721000000,
        "incometaxexpensebenefit": 1474000000,
        "profitloss": 77000000,
        "netincomelossattributabletononcontrollinginterest": 77000000,
        "netincomeloss": -469000000,
        "earningspersharebasic": 0.75,
        "earningspersharediluted": 0.75,
        "othercomprehensiveincomeforeigncurrencytransactionandtranslationgainlossarisingduringperiodnetoftax": -1424000000,
        "othercomprehensiveincomelosspensionandotherpostretirementbenefitplansadjustmentnetoftax": -103000000,
        "othercomprehensiveincomepostretirementbenefitsrecognizedinnetperiodicpensioncostnetoftax": 186000000,
        "othercomprehensiveincomelossnetoftax": -63000000,
        "comprehensiveincomenetoftaxincludingportionattributabletononcontrollinginterest": 2112000000,
        "comprehensiveincomenetoftaxattributabletononcontrollinginterest": 14000000,
        "comprehensiveincomenetoftax": 2098000000
    },
    {
        "date": "2019-06-29",
        "symbol": "XOM",
        "period": "Q2",
        "revenues": 2019000000,
        "incomelossfromequitymethodinvestments": 1359000000,
        "otherincome1": 241000000,
        "totalrevenuesandotherincome": 69091000000,
        "crudeoilandproductpurchases": 33000000,
        "productionandmanufacturingexpenses": 9522000000,
        "sellinggeneralandadministrativeexpense": 2827000000,
        "depreciationdepletionandamortization": 4631000000,
        "explorationexpense": 333000000,
        "nonservicepensionandpostretirementexpense": 313000000,
        "interestexpense": 216000000,
        "taxesother": 7675000000,
        "costsandexpenses": 64459000000,
        "incomelossfromcontinuingoperationsbeforeincometaxesextraordinaryitemsnoncontrollinginterest": 4632000000,
        "incometaxexpensebenefit": 1241000000,
        "profitloss": 261000000,
        "netincomelossattributabletononcontrollinginterest": 261000000,
        "netincomeloss": -770000000,
        "earningspersharebasic": 0.73,
        "earningspersharediluted": 0.73,
        "othercomprehensiveincomeforeigncurrencytransactionandtranslationgainlossarisingduringperiodnetoftax": 600000000,
        "othercomprehensiveincomelosspensionandotherpostretirementbenefitplansadjustmentnetoftax": 34000000,
        "othercomprehensiveincomepostretirementbenefitsrecognizedinnetperiodicpensioncostnetoftax": 141000000,
        "othercomprehensiveincomelossnetoftax": 130000000,
        "comprehensiveincomenetoftaxincludingportionattributabletononcontrollinginterest": 4098000000,
        "comprehensiveincomenetoftaxattributabletononcontrollinginterest": 391000000,
        "comprehensiveincomenetoftax": 3707000000
    },
    {
        "date": "2019-03-30",
        "symbol": "XOM",
        "period": "Q1",
        "revenues": -275000000,
        "incomelossfromequitymethodinvestments": 1709000000,
        "otherincome": 270000000,
        "totalrevenuesandotherincome": 63625000000,
        "crudeoilandproductpurchases": -18000000,
        "productionandmanufacturingexpenses": 8970000000,
        "sellinggeneralandadministrativeexpense": 2770000000,
        "depreciationdepletionandamortization": 4571000000,
        "explorationexpense": 280000000,
        "nonservicepensionandpostretirementexpense": 358000000,
        "interestexpense": 181000000,
        "taxesother": 7405000000,
        "costsandexpenses": 59336000000,
        "incomelossfromcontinuingoperationsbeforeincometaxesextraordinaryitemsnoncontrollinginterest": 4289000000,
        "incometaxexpensebenefit": 1883000000,
        "profitloss": 2350000000,
        "netincomelossattributabletononcontrollinginterest": 56000000,
        "netincomeloss": -95000000,
        "earningspersharebasic": 0.55,
        "earningspersharediluted": 0.55,
        "othercomprehensiveincomeforeigncurrencytransactionandtranslationgainlossarisingduringperiodnetoftax": 627000000,
        "othercomprehensiveincomelosspensionandotherpostretirementbenefitplansadjustmentnetoftax": 23000000,
        "othercomprehensiveincomepostretirementbenefitsrecognizedinnetperiodicpensioncostnetoftax": 185000000,
        "othercomprehensiveincomelossnetoftax": 782000000,
        "comprehensiveincomenetoftaxincludingportionattributabletononcontrollinginterest": 3314000000,
        "comprehensiveincomenetoftaxattributabletononcontrollinginterest": 182000000,
        "comprehensiveincomenetoftax": 3132000000
    },
    {
        "date": "2018-12-30",
        "symbol": "XOM",
        "period": "Q4",
        "incomelossfromequitymethodinvestments": 1756000000,
        "otherincome": 1886000000,
        "totalrevenuesandotherincome": 71895000000,
        "crudeoilandproductpurchases": -119511000000,
        "productionandmanufacturingexpenses": 10176000000,
        "sellinggeneralandadministrativeexpense": 2848000000,
        "depreciationdepletionandamortization": 5028000000,
        "explorationexpense": 555000000,
        "nonservicepensionandpostretirementexpense": 333000000,
        "interestexpense": -550000000,
        "taxesother": 7838000000,
        "costsandexpenses": 63774000000,
        "incomelossfromcontinuingoperationsbeforeincometaxesextraordinaryitemsnoncontrollinginterest": 8121000000,
        "incometaxexpensebenefit": 1915000000,
        "profitloss": 6206000000,
        "netincomelossattributabletononcontrollinginterest": 206000000,
        "netincomeloss": 6000000000,
        "earningspersharebasic": 1.41,
        "earningspersharediluted": 1.41,
        "othercomprehensiveincomeforeigncurrencytransactionandtranslationgainlossarisingduringperiodnetoftax": -2357000000,
        "othercomprehensiveincomelosspensionandotherpostretirementbenefitplansadjustmentnetoftax": -686000000,
        "othercomprehensiveincomepostretirementbenefitsrecognizedinnetperiodicpensioncostnetoftax": 242000000,
        "othercomprehensiveincomelossnetoftax": -1601000000,
        "comprehensiveincomenetoftaxincludingportionattributabletononcontrollinginterest": 4775000000,
        "comprehensiveincomenetoftaxattributabletononcontrollinginterest": -31000000,
        "comprehensiveincomenetoftax": 4806000000
    },
    {
        "date": "2018-09-29",
        "symbol": "XOM",
        "period": "Q3",
        "revenues": 7244000000,
        "incomelossfromequitymethodinvestments": 1960000000,
        "otherincome": 458000000,
        "totalrevenuesandotherincome": 76605000000,
        "crudeoilandproductpurchases": 83296000000,
        "productionandmanufacturingexpenses": 9097000000,
        "sellinggeneralandadministrativeexpense": 2892000000,
        "depreciationdepletionandamortization": 4658000000,
        "explorationexpense": 292000000,
        "nonservicepensionandpostretirementexpense": 307000000,
        "interestexpense": 200000000,
        "taxesother": 8303000000,
        "costsandexpenses": 67525000000,
        "incomelossfromcontinuingoperationsbeforeincometaxesextraordinaryitemsnoncontrollinginterest": 9080000000,
        "incometaxexpensebenefit": 2634000000,
        "profitloss": 6579000000,
        "netincomelossattributabletononcontrollinginterest": 206000000,
        "netincomeloss": 14084000000,
        "earningspersharebasic": 1.4600000000000002,
        "earningspersharediluted": 1.4600000000000002,
        "othercomprehensiveincomeforeigncurrencytransactionandtranslationgainlossarisingduringperiodnetoftax": 6000000,
        "othercomprehensiveincomelossforeigncurrencytransactionandtranslationreclassificationadjustmentfromaocirealizeduponsaleorliquidationnetoftax": 0,
        "othercomprehensiveincomelosspensionandotherpostretirementbenefitplansadjustmentnetoftax": 9000000,
        "othercomprehensiveincomepostretirementbenefitsrecognizedinnetperiodicpensioncostnetoftax": 232000000,
        "othercomprehensiveincomelossnetoftax": 372000000,
        "comprehensiveincomenetoftaxincludingportionattributabletononcontrollinginterest": 6790000000,
        "comprehensiveincomenetoftaxattributabletononcontrollinginterest": 311000000,
        "comprehensiveincomenetoftax": 6479000000
    },
    {
        "date": "2018-06-29",
        "symbol": "XOM",
        "period": "Q2",
        "revenues": -11000000,
        "incomelossfromequitymethodinvestments": 1729000000,
        "otherincome": 316000000,
        "totalrevenuesandotherincome": 73501000000,
        "crudeoilandproductpurchases": -193000000,
        "productionandmanufacturingexpenses": 8918000000,
        "sellinggeneralandadministrativeexpense": 2993000000,
        "depreciationdepletionandamortization": 4589000000,
        "explorationexpense": 332000000,
        "nonservicepensionandpostretirementexpense": 308000000,
        "interestexpense": 147000000,
        "taxesother": 8375000000,
        "costsandexpenses": 66989000000,
        "incomelossfromcontinuingoperationsbeforeincometaxesextraordinaryitemsnoncontrollinginterest": 6512000000,
        "incometaxexpensebenefit": 2526000000,
        "profitloss": 3986000000,
        "netincomelossattributabletononcontrollinginterest": 36000000,
        "netincomeloss": 437000000,
        "earningspersharebasic": 0.92,
        "earningspersharediluted": 0.92,
        "commonstockdividendspersharecashpaid": 0.82,
        "othercomprehensiveincomeforeigncurrencytransactionandtranslationgainlossarisingduringperiodnetoftax": -2040000000,
        "othercomprehensiveincomelossforeigncurrencytransactionandtranslationreclassificationadjustmentfromaocirealizeduponsaleorliquidationnetoftax": -18000000,
        "othercomprehensiveincomelosspensionandotherpostretirementbenefitplansadjustmentnetoftax": -43000000,
        "othercomprehensiveincomepostretirementbenefitsrecognizedinnetperiodicpensioncostnetoftax": 229000000,
        "othercomprehensiveincomelossnetoftax": -1750000000,
        "comprehensiveincomenetoftaxincludingportionattributabletononcontrollinginterest": 2236000000,
        "comprehensiveincomenetoftaxattributabletononcontrollinginterest": -97000000,
        "comprehensiveincomenetoftax": 2333000000
    },
    {
        "date": "2018-03-30",
        "symbol": "XOM",
        "period": "Q1",
        "revenues": 3154000000,
        "incomelossfromequitymethodinvestments": 1910000000,
        "otherincome": 865000000,
        "totalrevenuesandotherincome": 68211000000,
        "crudeoilandproductpurchases": 36288000000,
        "productionandmanufacturingexpenses": 8491000000,
        "sellinggeneralandadministrativeexpense": 2747000000,
        "depreciationdepletionandamortization": 4470000000,
        "explorationexpense": 287000000,
        "nonservicepensionandpostretirementexpense": 337000000,
        "interestexpense": 204000000,
        "taxesother": 8147000000,
        "costsandexpenses": 60971000000,
        "incomelossfromcontinuingoperationsbeforeincometaxesextraordinaryitemsnoncontrollinginterest": 7240000000,
        "incometaxexpensebenefit": 2457000000,
        "profitloss": 4650000000,
        "netincomelossattributabletononcontrollinginterest": 133000000,
        "netincomeloss": 319000000,
        "earningspersharebasic": 1.09,
        "earningspersharediluted": 1.09,
        "commonstockdividendspersharecashpaid": 0.77,
        "othercomprehensiveincomeforeigncurrencytransactionandtranslationgainlossarisingduringperiodnetoftax": -686000000,
        "othercomprehensiveincomelossforeigncurrencytransactionandtranslationreclassificationadjustmentfromaocirealizeduponsaleorliquidationnetoftax": -168000000,
        "othercomprehensiveincomelosspensionandotherpostretirementbenefitplansadjustmentnetoftax": 440000000,
        "othercomprehensiveincomepostretirementbenefitsrecognizedinnetperiodicpensioncostnetoftax": 228000000,
        "othercomprehensiveincomelossnetoftax": -691000000,
        "comprehensiveincomenetoftaxincludingportionattributabletononcontrollinginterest": 3950000000,
        "comprehensiveincomenetoftaxattributabletononcontrollinginterest": -9000000,
        "comprehensiveincomenetoftax": 3959000000
    },
    {
        "date": "2017-12-30",
        "symbol": "XOM",
        "period": "Q4",
        "salesandotheroperatingrevenueincludingsalesbasedtaxes": 6794000000,
        "incomelossfromequitymethodinvestments": -4217000000,
        "totalrevenuesandotherincome": 52035000000,
        "crudeoilandproductpurchases": 36232000000,
        "productionandmanufacturingexpenses": 9542000000,
        "sellinggeneralandadministrativeexpense": 3004000000,
        "depreciationdepletionandamortization": -13168000000,
        "explorationexpense": 703000000,
        "interestexpense": -328000000,
        "taxesother": 10304000000,
        "costsandexpenses": 49018000000,
        "incomelossfromcontinuingoperationsbeforeincometaxesextraordinaryitemsnoncontrollinginterest": 3017000000,
        "incometaxexpensebenefit": 1245000000,
        "profitloss": 8271000000,
        "netincomelossattributabletononcontrollinginterest": 29000000,
        "netincomeloss": 7687000000,
        "earningspersharebasic": 1.97,
        "earningspersharediluted": 1.97,
        "othercomprehensiveincomeforeigncurrencytransactionandtranslationgainlossarisingduringperiodnetoftax": -46000000,
        "othercomprehensiveincomelosspensionandotherpostretirementbenefitplansadjustmentnetoftax": -130000000,
        "othercomprehensiveincomepostretirementbenefitsrecognizedinnetperiodicpensioncostnetoftax": 305000000,
        "othercomprehensiveincomelossnetoftax": -5624000000,
        "comprehensiveincomenetoftaxincludingportionattributabletononcontrollinginterest": 8762000000,
        "comprehensiveincomenetoftaxattributabletononcontrollinginterest": -7000000,
        "comprehensiveincomenetoftax": 8769000000
    },
    {
        "date": "2017-09-29",
        "symbol": "XOM",
        "period": "Q3",
        "salesandotheroperatingrevenueincludingsalesbasedtaxes": -4514000000,
        "incomelossfromequitymethodinvestments": 1472000000,
        "otheroperatingincomeexpensenet": 278000000,
        "totalrevenuesandotherincome": 66165000000,
        "crudeoilandproductpurchases": 31432000000,
        "productionandmanufacturingexpenses": 8334000000,
        "sellinggeneralandadministrativeexpense": 2725000000,
        "depreciationdepletionandamortization": 4880000000,
        "explorationexpense": 284000000,
        "interestexpense": 111000000,
        "exciseandsalestaxes": 5864000000,
        "taxesother": 6952000000,
        "costsandexpenses": 60582000000,
        "incomelossfromcontinuingoperationsbeforeincometaxesextraordinaryitemsnoncontrollinginterest": 5583000000,
        "incometaxexpensebenefit": 1498000000,
        "profitloss": 4165000000,
        "netincomelossattributabletononcontrollinginterest": 115000000,
        "netincomeloss": -1750000000,
        "earningspersharebasic": 0.9300000000000002,
        "earningspersharediluted": 0.9300000000000002,
        "commonstockdividendspersharecashpaid": 0.77,
        "othercomprehensiveincomeforeigncurrencytransactionandtranslationgainlossarisingduringperiodnetoftax": 1843000000,
        "othercomprehensiveincomelosspensionandotherpostretirementbenefitplansadjustmentnetoftax": 112000000,
        "othercomprehensiveincomepostretirementbenefitsrecognizedinnetperiodicpensioncostnetoftax": 293000000,
        "othercomprehensiveincomelossnetoftax": 2587000000,
        "comprehensiveincomenetoftaxincludingportionattributabletononcontrollinginterest": 6593000000,
        "comprehensiveincomenetoftaxattributabletononcontrollinginterest": 372000000,
        "comprehensiveincomenetoftax": 6221000000
    },
    {
        "date": "2017-06-29",
        "symbol": "XOM",
        "period": "Q2",
        "salesandotheroperatingrevenueincludingsalesbasedtaxes": 14000000,
        "incomelossfromequitymethodinvestments": 1525000000,
        "otheroperatingincomeexpensenet": 526000000,
        "totalrevenuesandotherincome": 62876000000,
        "crudeoilandproductpurchases": 30194000000,
        "productionandmanufacturingexpenses": 8407000000,
        "sellinggeneralandadministrativeexpense": 2628000000,
        "depreciationdepletionandamortization": 4652000000,
        "explorationexpense": 514000000,
        "interestexpense": 158000000,
        "exciseandsalestaxes": 5589000000,
        "taxesother": 6578000000,
        "costsandexpenses": 58720000000,
        "incomelossfromcontinuingoperationsbeforeincometaxesextraordinaryitemsnoncontrollinginterest": 4156000000,
        "incometaxexpensebenefit": 892000000,
        "profitloss": 3264000000,
        "netincomelossattributabletononcontrollinginterest": -86000000,
        "netincomeloss": 504000000,
        "earningspersharebasic": 0.78,
        "earningspersharediluted": 0.78,
        "commonstockdividendspersharecashpaid": 0.77,
        "othercomprehensiveincomeforeigncurrencytransactionandtranslationgainlossarisingduringperiodnetoftax": 1674000000,
        "othercomprehensiveincomelossforeigncurrencytransactionandtranslationreclassificationadjustmentfromaocirealizeduponsaleorliquidationnetoftax": -234000000,
        "othercomprehensiveincomelosspensionandotherpostretirementbenefitplansadjustmentnetoftax": 159000000,
        "othercomprehensiveincomepostretirementbenefitsrecognizedinnetperiodicpensioncostnetoftax": 283000000,
        "othercomprehensiveincomelossnetoftax": 2032000000,
        "comprehensiveincomenetoftaxincludingportionattributabletononcontrollinginterest": 5296000000,
        "comprehensiveincomenetoftaxattributabletononcontrollinginterest": 169000000,
        "comprehensiveincomenetoftax": 5127000000
    },
    {
        "date": "2017-03-30",
        "symbol": "XOM",
        "period": "Q1",
        "salesandotheroperatingrevenueincludingsalesbasedtaxes": 15365000000,
        "incomelossfromequitymethodinvestments": 1710000000,
        "otheroperatingincomeexpensenet": 487000000,
        "totalrevenuesandotherincome": 63287000000,
        "crudeoilandproductpurchases": 30359000000,
        "productionandmanufacturingexpenses": 7845000000,
        "sellinggeneralandadministrativeexpense": 2599000000,
        "depreciationdepletionandamortization": 4519000000,
        "explorationexpense": 289000000,
        "interestexpense": 146000000,
        "exciseandsalestaxes": 5342000000,
        "taxesother": 6270000000,
        "costsandexpenses": 57369000000,
        "incomelossfromcontinuingoperationsbeforeincometaxesextraordinaryitemsnoncontrollinginterest": 5918000000,
        "incometaxexpensebenefit": 1828000000,
        "profitloss": 4010000000,
        "netincomelossattributabletononcontrollinginterest": 80000000,
        "netincomeloss": 292000000,
        "earningspersharebasic": 0.95,
        "earningspersharediluted": 0.95,
        "commonstockdividendspersharecashpaid": 0.75,
        "othercomprehensiveincomeforeigncurrencytransactionandtranslationgainlossarisingduringperiodnetoftax": 1408000000,
        "othercomprehensiveincomelosspensionandotherpostretirementbenefitplansadjustmentnetoftax": 29000000,
        "othercomprehensiveincomepostretirementbenefitsrecognizedinnetperiodicpensioncostnetoftax": 247000000,
        "othercomprehensiveincomelossnetoftax": 1560000000,
        "comprehensiveincomenetoftaxincludingportionattributabletononcontrollinginterest": 5729000000,
        "comprehensiveincomenetoftaxattributabletononcontrollinginterest": 159000000,
        "comprehensiveincomenetoftax": 5570000000
    },
    {
        "date": "2016-12-30",
        "symbol": "XOM",
        "period": "Q4",
        "salesandotheroperatingrevenueincludingsalesbasedtaxes": -22055000000,
        "incomelossfromequitymethodinvestments": -3367000000,
        "totalrevenuesandotherincome": 61016000000,
        "crudeoilandproductpurchases": 28299000000,
        "productionandmanufacturingexpenses": 8581000000,
        "sellinggeneralandadministrativeexpense": 2824000000,
        "depreciationdepletionandamortization": -13916000000,
        "explorationexpense": 340000000,
        "interestexpense": -229000000,
        "exciseandsalestaxes": -1062000000,
        "taxesother": 6541000000,
        "costsandexpenses": 60399000000,
        "incomelossfromcontinuingoperationsbeforeincometaxesextraordinaryitemsnoncontrollinginterest": 617000000,
        "incometaxexpensebenefit": -308000000,
        "profitloss": 3834000000,
        "netincomelossattributabletononcontrollinginterest": 344000000,
        "netincomeloss": -2663000000,
        "earningspersharebasic": 0.4100000000000001,
        "earningspersharediluted": 0.4100000000000001,
        "othercomprehensiveincomeforeigncurrencytransactionandtranslationgainlossarisingduringperiodnetoftax": -2302000000,
        "othercomprehensiveincomelosspensionandotherpostretirementbenefitplansadjustmentnetoftax": -524000000,
        "othercomprehensiveincomepostretirementbenefitsrecognizedinnetperiodicpensioncostnetoftax": 192000000,
        "othercomprehensiveincomelossnetoftax": -2118000000,
        "comprehensiveincomenetoftaxincludingportionattributabletononcontrollinginterest": 39000000,
        "comprehensiveincomenetoftaxattributabletononcontrollinginterest": 132000000,
        "comprehensiveincomenetoftax": -93000000
    },
    {
        "date": "2016-09-29",
        "symbol": "XOM",
        "period": "Q3",
        "salesandotheroperatingrevenueincludingsalesbasedtaxes": 2152000000,
        "incomelossfromequitymethodinvestments": 1103000000,
        "otheroperatingincomeexpensenet": 807000000,
        "totalrevenuesandotherincome": 58677000000,
        "crudeoilandproductpurchases": 28035000000,
        "productionandmanufacturingexpenses": 7709000000,
        "sellinggeneralandadministrativeexpense": 2736000000,
        "depreciationdepletionandamortization": 4605000000,
        "explorationexpense": 327000000,
        "interestexpense": 106000000,
        "exciseandsalestaxes": 5437000000,
        "taxesother": 6496000000,
        "costsandexpenses": 55451000000,
        "incomelossfromcontinuingoperationsbeforeincometaxesextraordinaryitemsnoncontrollinginterest": 3226000000,
        "incometaxexpensebenefit": 337000000,
        "profitloss": 2889000000,
        "netincomelossattributabletononcontrollinginterest": 239000000,
        "netincomeloss": -477000000,
        "earningspersharebasic": 0.63,
        "earningspersharediluted": 0.63,
        "commonstockdividendspersharecashpaid": 0.75,
        "othercomprehensiveincomeforeigncurrencytransactionandtranslationgainlossarisingduringperiodnetoftax": -107000000,
        "othercomprehensiveincomelosspensionandotherpostretirementbenefitplansadjustmentnetoftax": -34000000,
        "othercomprehensiveincomepostretirementbenefitsrecognizedinnetperiodicpensioncostnetoftax": 278000000,
        "othercomprehensiveincomelossnetoftax": 205000000,
        "comprehensiveincomenetoftaxincludingportionattributabletononcontrollinginterest": 3094000000,
        "comprehensiveincomenetoftaxattributabletononcontrollinginterest": 166000000,
        "comprehensiveincomenetoftax": 2928000000
    },
    {
        "date": "2016-06-29",
        "symbol": "XOM",
        "period": "Q2",
        "salesandotheroperatingrevenueincludingsalesbasedtaxes": 2518000000,
        "incomelossfromequitymethodinvestments": 1124000000,
        "otheroperatingincomeexpensenet": 210000000,
        "totalrevenuesandotherincome": 57694000000,
        "crudeoilandproductpurchases": 27130000000,
        "productionandmanufacturingexpenses": 8076000000,
        "sellinggeneralandadministrativeexpense": 2646000000,
        "depreciationdepletionandamortization": 4821000000,
        "explorationexpense": 445000000,
        "interestexpense": 75000000,
        "exciseandsalestaxes": 5435000000,
        "taxesother": 6670000000,
        "costsandexpenses": 55298000000,
        "incomelossfromcontinuingoperationsbeforeincometaxesextraordinaryitemsnoncontrollinginterest": 2396000000,
        "incometaxexpensebenefit": 715000000,
        "profitloss": 1681000000,
        "netincomelossattributabletononcontrollinginterest": -19000000,
        "netincomeloss": -636000000,
        "earningspersharebasic": 0.41,
        "earningspersharediluted": 0.41,
        "commonstockdividendspersharecashpaid": 0.75,
        "othercomprehensiveincomeforeigncurrencytransactionandtranslationgainlossarisingduringperiodnetoftax": -727000000,
        "othercomprehensiveincomelosspensionandotherpostretirementbenefitplansadjustmentnetoftax": -110000000,
        "othercomprehensiveincomepostretirementbenefitsrecognizedinnetperiodicpensioncostnetoftax": 292000000,
        "othercomprehensiveincomelossnetoftax": -325000000,
        "comprehensiveincomenetoftaxincludingportionattributabletononcontrollinginterest": 1356000000,
        "comprehensiveincomenetoftaxattributabletononcontrollinginterest": 16000000,
        "comprehensiveincomenetoftax": 1340000000
    },
    {
        "date": "2016-03-30",
        "symbol": "XOM",
        "period": "Q1",
        "salesandotheroperatingrevenueincludingsalesbasedtaxes": 24937000000,
        "incomelossfromequitymethodinvestments": 1251000000,
        "otheroperatingincomeexpensenet": 351000000,
        "totalrevenuesandotherincome": 48707000000,
        "crudeoilandproductpurchases": 20707000000,
        "productionandmanufacturingexpenses": 7561000000,
        "sellinggeneralandadministrativeexpense": 2593000000,
        "depreciationdepletionandamortization": 4765000000,
        "explorationexpense": 355000000,
        "interestexpense": 77000000,
        "exciseandsalestaxes": 4815000000,
        "taxesother": 6104000000,
        "costsandexpenses": 46977000000,
        "incomelossfromcontinuingoperationsbeforeincometaxesextraordinaryitemsnoncontrollinginterest": 1730000000,
        "incometaxexpensebenefit": -51000000,
        "profitloss": -29000000,
        "netincomelossattributabletononcontrollinginterest": -29000000,
        "netincomeloss": -375000000,
        "earningspersharebasic": 0.43,
        "earningspersharediluted": 0.43,
        "commonstockdividendspersharecashpaid": 0.73,
        "othercomprehensiveincomeforeigncurrencytransactionandtranslationgainlossarisingduringperiodnetoftax": 2962000000,
        "othercomprehensiveincomelosspensionandotherpostretirementbenefitplansadjustmentnetoftax": 116000000,
        "othercomprehensiveincomepostretirementbenefitsrecognizedinnetperiodicpensioncostnetoftax": 289000000,
        "othercomprehensiveincomelossnetoftax": 3510000000,
        "comprehensiveincomenetoftaxincludingportionattributabletononcontrollinginterest": 5291000000,
        "comprehensiveincomenetoftaxattributabletononcontrollinginterest": 354000000,
        "comprehensiveincomenetoftax": 4937000000
    },
    {
        "date": "2015-12-30",
        "symbol": "XOM",
        "period": "Q4",
        "salesandotheroperatingrevenueincludingsalesbasedtaxes": 69299000000,
        "incomelossfromequitymethodinvestments": -5681000000,
        "totalrevenuesandotherincome": 59807000000,
        "crudeoilandproductpurchases": 27717000000,
        "productionandmanufacturingexpenses": 9008000000,
        "sellinggeneralandadministrativeexpense": 2990000000,
        "depreciationdepletionandamortization": 4755000000,
        "explorationexpense": 518000000,
        "interestexpense": -250000000,
        "exciseandsalestaxes": -10906000000,
        "taxesother": -20342000000,
        "costsandexpenses": 57179000000,
        "incomelossfromcontinuingoperationsbeforeincometaxesextraordinaryitemsnoncontrollinginterest": 2628000000,
        "incometaxexpensebenefit": -6757000000,
        "profitloss": 2830000000,
        "netincomelossattributabletononcontrollinginterest": 50000000,
        "netincomeloss": -2315000000,
        "earningspersharebasic": 0.6699999999999999,
        "earningspersharediluted": 0.6699999999999999,
        "othercomprehensiveincomeforeigncurrencytransactionandtranslationgainlossarisingduringperiodnetoftax": -1493000000,
        "othercomprehensiveincomelosspensionandotherpostretirementbenefitplansadjustmentnetoftax": -1108000000,
        "othercomprehensiveincomepostretirementbenefitsrecognizedinnetperiodicpensioncostnetoftax": 384000000,
        "othercomprehensiveincomeunrealizedholdinggainlossonsecuritiesarisingduringperiodnetoftax": 7000000,
        "othercomprehensiveincomelossreclassificationadjustmentfromaociforsaleofsecuritiesnetoftax": -12000000,
        "othercomprehensiveincomelossnetoftax": 160000000,
        "comprehensiveincomenetoftaxincludingportionattributabletononcontrollinginterest": 3531000000,
        "comprehensiveincomenetoftaxattributabletononcontrollinginterest": -74000000,
        "comprehensiveincomenetoftax": 3605000000
    },
    {
        "date": "2015-09-29",
        "symbol": "XOM",
        "period": "Q3",
        "salesandotheroperatingrevenueincludingsalesbasedtaxes": 3760000000,
        "incomelossfromequitymethodinvestments": 1783000000,
        "otheroperatingincomeexpensenet": -118000000,
        "totalrevenuesandotherincome": 67344000000,
        "crudeoilandproductpurchases": 32276000000,
        "productionandmanufacturingexpenses": 8614000000,
        "sellinggeneralandadministrativeexpense": 2967000000,
        "depreciationdepletionandamortization": 4542000000,
        "explorationexpense": 324000000,
        "interestexpense": 78000000,
        "exciseandsalestaxes": 5813000000,
        "taxesother": 6981000000,
        "costsandexpenses": 61595000000,
        "incomelossfromcontinuingoperationsbeforeincometaxesextraordinaryitemsnoncontrollinginterest": 5749000000,
        "incometaxexpensebenefit": 1365000000,
        "profitloss": 4384000000,
        "netincomelossattributabletononcontrollinginterest": 144000000,
        "netincomeloss": 1546000000,
        "earningspersharebasic": 1.01,
        "earningspersharediluted": 1.01,
        "commonstockdividendspersharecashpaid": 0.73,
        "othercomprehensiveincomeforeigncurrencytransactionandtranslationgainlossarisingduringperiodnetoftax": -4023000000,
        "othercomprehensiveincomelosspensionandotherpostretirementbenefitplansadjustmentnetoftax": -484000000,
        "othercomprehensiveincomepostretirementbenefitsrecognizedinnetperiodicpensioncostnetoftax": 367000000,
        "othercomprehensiveincomeunrealizedholdinggainlossonsecuritiesarisingduringperiodnetoftax": 7000000,
        "othercomprehensiveincomelossreclassificationadjustmentfromaociforsaleofsecuritiesnetoftax": -3000000,
        "othercomprehensiveincomelossnetoftax": -3162000000,
        "comprehensiveincomenetoftaxincludingportionattributabletononcontrollinginterest": 1222000000,
        "comprehensiveincomenetoftaxattributabletononcontrollinginterest": -175000000,
        "comprehensiveincomenetoftax": 1397000000
    },
    {
        "date": "2015-06-29",
        "symbol": "XOM",
        "period": "Q2",
        "salesandotheroperatingrevenueincludingsalesbasedtaxes": 2000000,
        "incomelossfromequitymethodinvestments": 2081000000,
        "otherincome": 672000000,
        "totalrevenuesandotherincome": 74113000000,
        "crudeoilandproductpurchases": 37312000000,
        "productionandmanufacturingexpenses": 9235000000,
        "sellinggeneralandadministrativeexpense": 2831000000,
        "depreciationdepletionandamortization": 4451000000,
        "explorationexpense": 370000000,
        "interestexpense": 85000000,
        "exciseandsalestaxes": 5965000000,
        "taxesother": 6910000000,
        "costsandexpenses": 67159000000,
        "incomelossfromcontinuingoperationsbeforeincometaxesextraordinaryitemsnoncontrollinginterest": 6954000000,
        "incometaxexpensebenefit": 2692000000,
        "profitloss": 4262000000,
        "netincomelossattributabletononcontrollinginterest": 72000000,
        "netincomeloss": -593000000,
        "earningspersharebasic": 1,
        "earningspersharediluted": 1,
        "commonstockdividendspersharecashpaid": 0.73,
        "othercomprehensiveincomeforeigncurrencytransactionandtranslationgainlossarisingduringperiodnetoftax": 997000000,
        "othercomprehensiveincomelosspensionandotherpostretirementbenefitplansadjustmentnetoftax": 186000000,
        "othercomprehensiveincomepostretirementbenefitsrecognizedinnetperiodicpensioncostnetoftax": 357000000,
        "othercomprehensiveincomeunrealizedholdinggainlossonsecuritiesarisingduringperiodnetoftax": 17000000,
        "othercomprehensiveincomelossreclassificationadjustmentfromaociforsaleofsecuritiesnetoftax": -4000000,
        "othercomprehensiveincomelossnetoftax": 1189000000,
        "comprehensiveincomenetoftaxincludingportionattributabletononcontrollinginterest": 5451000000,
        "comprehensiveincomenetoftaxattributabletononcontrollinginterest": 159000000,
        "comprehensiveincomenetoftax": 5292000000
    },
    {
        "date": "2015-03-30",
        "symbol": "XOM",
        "period": "Q1",
        "salesandotheroperatingrevenueincludingsalesbasedtaxes": 2000000,
        "incomelossfromequitymethodinvestments": 2261000000,
        "otherincome": 599000000,
        "totalrevenuesandotherincome": 67618000000,
        "crudeoilandproductpurchases": 32698000000,
        "productionandmanufacturingexpenses": 8730000000,
        "sellinggeneralandadministrativeexpense": 2713000000,
        "depreciationdepletionandamortization": 4300000000,
        "explorationexpense": 311000000,
        "interestexpense": 88000000,
        "exciseandsalestaxes": 5530000000,
        "taxesother": 6613000000,
        "costsandexpenses": 60983000000,
        "incomelossfromcontinuingoperationsbeforeincometaxesextraordinaryitemsnoncontrollinginterest": 6635000000,
        "incometaxexpensebenefit": 1560000000,
        "profitloss": 5075000000,
        "netincomelossattributabletononcontrollinginterest": 135000000,
        "netincomeloss": -564000000,
        "earningspersharebasic": 1.17,
        "earningspersharediluted": 1.17,
        "commonstockdividendspersharecashpaid": 0.69,
        "othercomprehensiveincomeforeigncurrencytransactionandtranslationgainlossarisingduringperiodnetoftax": -4784000000,
        "othercomprehensiveincomelosspensionandotherpostretirementbenefitplansadjustmentnetoftax": -796000000,
        "othercomprehensiveincomepostretirementbenefitsrecognizedinnetperiodicpensioncostnetoftax": 340000000,
        "othercomprehensiveincomeunrealizedholdinggainlossonsecuritiesarisingduringperiodnetoftax": 2000000,
        "othercomprehensiveincomelossreclassificationadjustmentfromaociforsaleofsecuritiesnetoftax": -8000000,
        "othercomprehensiveincomelossnetoftax": -3638000000,
        "comprehensiveincomenetoftaxincludingportionattributabletononcontrollinginterest": 896000000,
        "comprehensiveincomenetoftaxattributabletononcontrollinginterest": -406000000,
        "comprehensiveincomenetoftax": 1302000000
    },
    {
        "date": "2014-12-30",
        "symbol": "XOM",
        "period": "Q4",
        "salesandotheroperatingrevenueincludingsalesbasedtaxes": 1000000,
        "incomelossfromequitymethodinvestments": -11076000000,
        "otherincome": 716000000,
        "totalrevenuesandotherincome": 86029000000,
        "crudeoilandproductpurchases": 44581000000,
        "productionandmanufacturingexpenses": 10342000000,
        "sellinggeneralandadministrativeexpense": 3128000000,
        "depreciationdepletionandamortization": -12101000000,
        "explorationexpense": 537000000,
        "interestexpense": 1000000,
        "exciseandsalestaxes": -16496000000,
        "taxesother": -24371000000,
        "costsandexpenses": 77187000000,
        "incomelossfromcontinuingoperationsbeforeincometaxesextraordinaryitemsnoncontrollinginterest": 8842000000,
        "incometaxexpensebenefit": -14093000000,
        "profitloss": -25738000000,
        "netincomelossattributabletononcontrollinginterest": 212000000,
        "netincomeloss": -622000000,
        "earningspersharebasic": 1.5599999999999992,
        "earningspersharediluted": 1.5599999999999992,
        "othercomprehensiveincomeforeigncurrencytransactionandtranslationgainlossarisingduringperiodnetoftax": -2621000000,
        "othercomprehensiveincomelosspensionandotherpostretirementbenefitplansadjustmentnetoftax": 4308000000,
        "othercomprehensiveincomepostretirementbenefitsrecognizedinnetperiodicpensioncostnetoftax": 182000000,
        "othercomprehensiveincomeunrealizedholdinggainlossonsecuritiesarisingduringperiodnetoftax": -6000000,
        "othercomprehensiveincomelossnetoftax": -6761000000,
        "comprehensiveincomenetoftaxincludingportionattributabletononcontrollinginterest": -358000000,
        "comprehensiveincomenetoftaxattributabletononcontrollinginterest": -167000000,
        "comprehensiveincomenetoftax": -191000000
    },
    {
        "date": "2014-09-29",
        "symbol": "XOM",
        "period": "Q3",
        "salesandotheroperatingrevenueincludingsalesbasedtaxes": 3000000,
        "incomelossfromequitymethodinvestments": 3211000000,
        "otherincome": 713000000,
        "totalrevenuesandotherincome": 107490000000,
        "crudeoilandproductpurchases": 60428000000,
        "productionandmanufacturingexpenses": 9951000000,
        "sellinggeneralandadministrativeexpense": 3169000000,
        "depreciationdepletionandamortization": 4362000000,
        "explorationexpense": 319000000,
        "interestexpense": 88000000,
        "exciseandsalestaxes": 7519000000,
        "taxesother": 8244000000,
        "costsandexpenses": 94080000000,
        "incomelossfromcontinuingoperationsbeforeincometaxesextraordinaryitemsnoncontrollinginterest": 13410000000,
        "incometaxexpensebenefit": 5064000000,
        "profitloss": 17446000000,
        "netincomelossattributabletononcontrollinginterest": 276000000,
        "netincomeloss": -1481000000,
        "earningspersharebasic": 1.8900000000000001,
        "earningspersharediluted": 1.8900000000000001,
        "commonstockdividendspersharecashpaid": 0.6899999999999998,
        "othercomprehensiveincomeforeigncurrencytransactionandtranslationgainlossarisingduringperiodnetoftax": -3710000000,
        "othercomprehensiveincomelossforeigncurrencytransactionandtranslationreclassificationadjustmentfromaocirealizeduponsaleorliquidationnetoftax": 0,
        "othercomprehensiveincomelosspensionandotherpostretirementbenefitplansadjustmentnetoftax": -361000000,
        "othercomprehensiveincomepostretirementbenefitsrecognizedinnetperiodicpensioncostnetoftax": 266000000,
        "othercomprehensiveincomeunrealizedholdinggainlossonsecuritiesarisingduringperiodnetoftax": -21000000,
        "othercomprehensiveincomelossnetoftax": -3104000000,
        "comprehensiveincomenetoftaxincludingportionattributabletononcontrollinginterest": 5158000000,
        "comprehensiveincomenetoftaxattributabletononcontrollinginterest": -27000000,
        "comprehensiveincomenetoftax": 5185000000
    },
    {
        "date": "2014-06-29",
        "symbol": "XOM",
        "period": "Q2",
        "salesandotheroperatingrevenueincludingsalesbasedtaxes": 11000000,
        "incomelossfromequitymethodinvestments": 3312000000,
        "otherincome": 2177000000,
        "totalrevenuesandotherincome": 111647000000,
        "crudeoilandproductpurchases": 62649000000,
        "productionandmanufacturingexpenses": 10478000000,
        "sellinggeneralandadministrativeexpense": 3169000000,
        "depreciationdepletionandamortization": 4285000000,
        "explorationexpense": 496000000,
        "interestexpense": 64000000,
        "exciseandsalestaxes": 7871000000,
        "taxesother": 8484000000,
        "costsandexpenses": 97496000000,
        "incomelossfromcontinuingoperationsbeforeincometaxesextraordinaryitemsnoncontrollinginterest": 14151000000,
        "incometaxexpensebenefit": 5034000000,
        "profitloss": 9117000000,
        "netincomelossattributabletononcontrollinginterest": 337000000,
        "netincomeloss": -653000000,
        "earningspersharebasic": 2.05,
        "earningspersharediluted": 2.05,
        "commonstockdividendspersharecashpaid": 0.69,
        "othercomprehensiveincomeforeigncurrencytransactionandtranslationgainlossarisingduringperiodnetoftax": 1628000000,
        "othercomprehensiveincomelossforeigncurrencytransactionandtranslationreclassificationadjustmentfromaocirealizeduponsaleorliquidationnetoftax": -81000000,
        "othercomprehensiveincomelosspensionandotherpostretirementbenefitplansadjustmentnetoftax": 92000000,
        "othercomprehensiveincomepostretirementbenefitsrecognizedinnetperiodicpensioncostnetoftax": 313000000,
        "othercomprehensiveincomeunrealizedholdinggainlossonsecuritiesarisingduringperiodnetoftax": 18000000,
        "othercomprehensiveincomelossnetoftax": 1948000000,
        "comprehensiveincomenetoftaxincludingportionattributabletononcontrollinginterest": 11065000000,
        "comprehensiveincomenetoftaxattributabletononcontrollinginterest": 556000000,
        "comprehensiveincomenetoftax": 10509000000
    },
    {
        "date": "2014-03-30",
        "symbol": "XOM",
        "period": "Q1",
        "salesandotheroperatingrevenueincludingsalesbasedtaxes": 3000000,
        "incomelossfromequitymethodinvestments": 4108000000,
        "otherincome": 905000000,
        "totalrevenuesandotherincome": 106773000000,
        "crudeoilandproductpurchases": 58314000000,
        "productionandmanufacturingexpenses": 10088000000,
        "sellinggeneralandadministrativeexpense": 3132000000,
        "depreciationdepletionandamortization": 4192000000,
        "explorationexpense": 317000000,
        "interestexpense": 66000000,
        "exciseandsalestaxes": 7416000000,
        "taxesother": 8021000000,
        "costsandexpenses": 91546000000,
        "incomelossfromcontinuingoperationsbeforeincometaxesextraordinaryitemsnoncontrollinginterest": 15227000000,
        "incometaxexpensebenefit": 5857000000,
        "profitloss": 270000000,
        "netincomelossattributabletononcontrollinginterest": 270000000,
        "netincomeloss": 368000000,
        "earningspersharebasic": 2.1,
        "earningspersharediluted": 2.1,
        "commonstockdividendspersharecashpaid": 0.63,
        "othercomprehensiveincomeforeigncurrencytransactionandtranslationgainlossarisingduringperiodnetoftax": -555000000,
        "othercomprehensiveincomelossforeigncurrencytransactionandtranslationreclassificationadjustmentfromaocirealizeduponsaleorliquidationnetoftax": -82000000,
        "othercomprehensiveincomelosspensionandotherpostretirementbenefitplansadjustmentnetoftax": 93000000,
        "othercomprehensiveincomepostretirementbenefitsrecognizedinnetperiodicpensioncostnetoftax": 305000000,
        "othercomprehensiveincomeunrealizedholdinggainlossonsecuritiesarisingduringperiodnetoftax": -54000000,
        "othercomprehensiveincomelossnetoftax": -315000000,
        "comprehensiveincomenetoftaxincludingportionattributabletononcontrollinginterest": 8844000000,
        "comprehensiveincomenetoftaxattributabletononcontrollinginterest": 59000000,
        "comprehensiveincomenetoftax": 8785000000
    },
    {
        "date": "2013-12-30",
        "symbol": "XOM",
        "period": "Q4",
        "salesandotheroperatingrevenueincludingsalesbasedtaxes": 3000000,
        "incomelossfromequitymethodinvestments": -11409000000,
        "otherincome": 1875000000,
        "totalrevenuesandotherincome": 110607000000,
        "crudeoilandproductpurchases": 60815000000,
        "productionandmanufacturingexpenses": 10669000000,
        "sellinggeneralandadministrativeexpense": 3341000000,
        "depreciationdepletionandamortization": -12100000000,
        "explorationexpense": 591000000,
        "interestexpense": -160000000,
        "exciseandsalestaxes": -16934000000,
        "taxesother": -23691000000,
        "costsandexpenses": 95891000000,
        "incomelossfromcontinuingoperationsbeforeincometaxesextraordinaryitemsnoncontrollinginterest": 14716000000,
        "incometaxexpensebenefit": -16799000000,
        "profitloss": -14437000000,
        "netincomelossattributabletononcontrollinginterest": 293000000,
        "netincomeloss": -866000000,
        "earningspersharebasic": 1.9100000000000001,
        "earningspersharediluted": 1.9100000000000001,
        "othercomprehensiveincomeforeigncurrencytransactionandtranslationgainlossarisingduringperiodnetoftax": -1037000000,
        "othercomprehensiveincomelosspensionandotherpostretirementbenefitplansadjustmentnetoftax": -2659000000,
        "othercomprehensiveincomepostretirementbenefitsrecognizedinnetperiodicpensioncostnetoftax": 765000000,
        "othercomprehensiveincomelossnetoftax": 2364000000,
        "comprehensiveincomenetoftaxincludingportionattributabletononcontrollinginterest": 11016000000,
        "comprehensiveincomenetoftaxattributabletononcontrollinginterest": 340000000,
        "comprehensiveincomenetoftax": 10676000000
    },
    {
        "date": "2013-09-29",
        "symbol": "XOM",
        "period": "Q3",
        "salesandotheroperatingrevenueincludingsalesbasedtaxes": 3000000,
        "incomelossfromequitymethodinvestments": 3444000000,
        "otherincome": 538000000,
        "totalrevenuesandotherincome": 112372000000,
        "crudeoilandproductpurchases": 63961000000,
        "productionandmanufacturingexpenses": 9842000000,
        "sellinggeneralandadministrativeexpense": 3150000000,
        "depreciationdepletionandamortization": 4287000000,
        "explorationexpense": 486000000,
        "interestexpense": 52000000,
        "exciseandsalestaxes": 7882000000,
        "taxesother": 8523000000,
        "costsandexpenses": 98183000000,
        "incomelossfromcontinuingoperationsbeforeincometaxesextraordinaryitemsnoncontrollinginterest": 14189000000,
        "incometaxexpensebenefit": 6120000000,
        "profitloss": 8069000000,
        "netincomelossattributabletononcontrollinginterest": 199000000,
        "netincomeloss": -460000000,
        "earningspersharebasic": 1.79,
        "earningspersharediluted": 1.79,
        "commonstockdividendspersharecashpaid": 0.63,
        "othercomprehensiveincomeforeigncurrencytransactionandtranslationgainlossarisingduringperiodnetoftax": 1229000000,
        "othercomprehensiveincomelosspensionandotherpostretirementbenefitplansadjustmentnetoftax": 222000000,
        "othercomprehensiveincomepostretirementbenefitsrecognizedinnetperiodicpensioncostnetoftax": 455000000,
        "othercomprehensiveincomelossnetoftax": 1462000000,
        "comprehensiveincomenetoftaxincludingportionattributabletononcontrollinginterest": 9531000000,
        "comprehensiveincomenetoftaxattributabletononcontrollinginterest": 331000000,
        "comprehensiveincomenetoftax": 9200000000
    },
    {
        "date": "2013-06-29",
        "symbol": "XOM",
        "period": "Q2",
        "salesandotheroperatingrevenueincludingsalesbasedtaxes": 7000000,
        "incomelossfromequitymethodinvestments": 3098000000,
        "otherincome": 518000000,
        "totalrevenuesandotherincome": 106469000000,
        "crudeoilandproductpurchases": 59481000000,
        "productionandmanufacturingexpenses": 10278000000,
        "sellinggeneralandadministrativeexpense": 3268000000,
        "depreciationdepletionandamortization": 4405000000,
        "explorationexpense": 454000000,
        "interestexpense": 85000000,
        "exciseandsalestaxes": 7552000000,
        "taxesother": 8178000000,
        "costsandexpenses": 93701000000,
        "incomelossfromcontinuingoperationsbeforeincometaxesextraordinaryitemsnoncontrollinginterest": 12768000000,
        "incometaxexpensebenefit": 5793000000,
        "profitloss": 6975000000,
        "netincomelossattributabletononcontrollinginterest": 115000000,
        "netincomeloss": -597000000,
        "earningspersharebasic": 1.55,
        "earningspersharediluted": 1.55,
        "commonstockdividendspersharecashpaid": 0.63,
        "othercomprehensiveincomeforeigncurrencytransactionandtranslationgainlossarisingduringperiodnetoftax": -2337000000,
        "othercomprehensiveincomelosspensionandotherpostretirementbenefitplansadjustmentnetoftax": -99000000,
        "othercomprehensiveincomepostretirementbenefitsrecognizedinnetperiodicpensioncostnetoftax": 454000000,
        "othercomprehensiveincomelossnetoftax": -1784000000,
        "comprehensiveincomenetoftaxincludingportionattributabletononcontrollinginterest": 5191000000,
        "comprehensiveincomenetoftaxattributabletononcontrollinginterest": -55000000,
        "comprehensiveincomenetoftax": 5246000000
    },
    {
        "date": "2013-03-30",
        "symbol": "XOM",
        "period": "Q1",
        "salesandotheroperatingrevenueincludingsalesbasedtaxes": 8000000,
        "incomelossfromequitymethodinvestments": 4418000000,
        "otherincome": 561000000,
        "totalrevenuesandotherincome": 108807000000,
        "crudeoilandproductpurchases": 59899000000,
        "productionandmanufacturingexpenses": 9736000000,
        "sellinggeneralandadministrativeexpense": 3118000000,
        "depreciationdepletionandamortization": 4110000000,
        "explorationexpense": 445000000,
        "interestexpense": 24000000,
        "exciseandsalestaxes": 7492000000,
        "taxesother": 7945000000,
        "costsandexpenses": 92769000000,
        "incomelossfromcontinuingoperationsbeforeincometaxesextraordinaryitemsnoncontrollinginterest": 16038000000,
        "incometaxexpensebenefit": 6277000000,
        "profitloss": 261000000,
        "netincomelossattributabletononcontrollinginterest": 261000000,
        "netincomeloss": 385000000,
        "earningspersharebasic": 2.12,
        "earningspersharediluted": 2.12,
        "commonstockdividendspersharecashpaid": 0.57,
        "othercomprehensiveincomeforeigncurrencytransactionandtranslationgainlossarisingduringperiodnetoftax": -1088000000,
        "othercomprehensiveincomelosspensionandotherpostretirementbenefitplansadjustmentnetoftax": -427000000,
        "othercomprehensiveincomepostretirementbenefitsrecognizedinnetperiodicpensioncostnetoftax": 78000000,
        "othercomprehensiveincomelossnetoftax": -583000000,
        "comprehensiveincomenetoftaxincludingportionattributabletononcontrollinginterest": 9061000000,
        "comprehensiveincomenetoftaxattributabletononcontrollinginterest": 144000000,
        "comprehensiveincomenetoftax": 8917000000
    },
    {
        "date": "2012-06-29",
        "symbol": "XOM",
        "period": "Q2",
        "salesandotheroperatingrevenueincludingsalesbasedtaxes": 108504000000,
        "incomelossfromequitymethodinvestments": 11000000,
        "otherincome": 10839000000,
        "totalrevenuesandotherincome": -129261000000,
        "crudeoilandproductpurchases": -110310000000,
        "productionandmanufacturingexpenses": -1483000000,
        "sellinggeneralandadministrativeexpense": -165000000,
        "depreciationdepletionandamortization": 3489000000,
        "explorationexpense": 302000000,
        "interestexpense": -1312000000,
        "exciseandsalestaxes": 8027000000,
        "taxesother": 9196000000,
        "costsandexpenses": -113270000000,
        "incomelossfromcontinuingoperationsbeforeincometaxesextraordinaryitemsnoncontrollinginterest": -15991000000,
        "incometaxexpensebenefit": 8256000000,
        "profitloss": -15991000000,
        "netincomelossattributabletononcontrollinginterest": 1744000000,
        "netincomeloss": -15991000000,
        "earningspersharebasic": 3.41,
        "earningspersharediluted": 3.41,
        "commonstockdividendspersharecashpaid": 0.57,
        "othercomprehensiveincomeforeigncurrencytransactionandtranslationgainlossarisingduringperiodnetoftax": -1367000000,
        "othercomprehensiveincomeforeigncurrencytransactionandtranslationreclassificationadjustmentrealizeduponsaleorliquidationnetoftax": -4302000000,
        "othercomprehensiveincomedefinedbenefitplansadjustmentnetoftaxperiodincreasedecrease": 224000000,
        "othercomprehensiveincomepostretirementbenefitsrecognizedinnetperiodicpensioncostnetoftax": 1236000000,
        "othercomprehensiveincomelossnetoftaxperiodincreasedecrease": -4209000000,
        "comprehensiveincomenetoftaxincludingportionattributabletononcontrollinginterest": 13445000000,
        "comprehensiveincomenetoftaxattributabletononcontrollinginterest": 196000000,
        "comprehensiveincomenetoftax": -13118000000
    },
    {
        "date": "2012-03-30",
        "symbol": "XOM",
        "period": "Q1",
        "salesandotheroperatingrevenueincludingsalesbasedtaxes": 2967000000,
        "incomelossfromequitymethodinvestments": 5000000,
        "otherincome": 124000000,
        "totalrevenuesandotherincome": 6000000,
        "crudeoilandproductpurchases": 15384000000,
        "productionandmanufacturingexpenses": 1981000000,
        "sellinggeneralandadministrativeexpense": 801000000,
        "depreciationdepletionandamortization": 404000000,
        "explorationexpense": 117000000,
        "interestexpense": 73000000,
        "exciseandsalestaxes": 8493000000,
        "taxesother": 10000000,
        "costsandexpenses": 73000000,
        "incomelossfromcontinuingoperationsbeforeincometaxesextraordinaryitemsnoncontrollinginterest": -67000000,
        "incometaxexpensebenefit": -27000000,
        "profitloss": -40000000,
        "netincomelossattributabletononcontrollinginterest": 349000000,
        "netincomeloss": 1010000000,
        "earningspersharebasic": 2,
        "earningspersharediluted": 2,
        "commonstockdividendspersharecashpaid": 0.47,
        "othercomprehensiveincomeforeigncurrencytransactionandtranslationgainlossarisingduringperiodnetoftax": 1065000000,
        "othercomprehensiveincomeforeigncurrencytransactionandtranslationreclassificationadjustmentrealizeduponsaleorliquidationnetoftax": 52000000,
        "othercomprehensiveincomedefinedbenefitplansadjustmentnetoftaxperiodincreasedecrease": -404000000,
        "othercomprehensiveincomepostretirementbenefitsrecognizedinnetperiodicpensioncostnetoftax": -366000000,
        "othercomprehensiveincomelossnetoftaxperiodincreasedecrease": 1125000000,
        "comprehensiveincomenetoftaxincludingportionattributabletononcontrollinginterest": 10900000000,
        "comprehensiveincomenetoftaxattributabletononcontrollinginterest": 325000000,
        "comprehensiveincomenetoftax": -40000000
    },
    {
        "date": "2011-12-30",
        "symbol": "XOM",
        "period": "Q4",
        "salesandotheroperatingrevenueincludingsalesbasedtaxes": -102543000000,
        "incomelossfromequitymethodinvestments": 2067000000,
        "otherincome": -1685000000,
        "totalrevenuesandotherincome": 9000000,
        "crudeoilandproductpurchases": -469624000000,
        "productionandmanufacturingexpenses": -20508000000,
        "sellinggeneralandadministrativeexpense": -6496000000,
        "depreciationdepletionandamortization": -5440000000,
        "explorationexpense": -1267000000,
        "interestexpense": -175000000,
        "exciseandsalestaxes": 8490000000,
        "taxesother": -29841000000,
        "costsandexpenses": 69000000,
        "incometaxexpensebenefit": 2928000000,
        "profitloss": -35000000,
        "netincomelossattributabletononcontrollinginterest": 324000000,
        "netincomeloss": 2509000000,
        "earningspersharebasic": 1.9699999999999993,
        "earningspersharediluted": 1.9699999999999993
    },
    {
        "date": "2011-09-29",
        "symbol": "XOM",
        "period": "Q3",
        "salesandotheroperatingrevenueincludingsalesbasedtaxes": 3686000000,
        "incomelossfromequitymethodinvestments": -9000000,
        "otherincome": 915000000,
        "totalrevenuesandotherincome": -9000000,
        "crudeoilandproductpurchases": 179354000000,
        "productionandmanufacturingexpenses": 9601000000,
        "sellinggeneralandadministrativeexpense": 3209000000,
        "depreciationdepletionandamortization": 3488000000,
        "explorationexpense": 671000000,
        "interestexpense": 68000000,
        "exciseandsalestaxes": 8484000000,
        "taxesother": 10212000000,
        "costsandexpenses": 68000000,
        "incomelossfromcontinuingoperationsbeforeincometaxesextraordinaryitemsnoncontrollinginterest": -77000000,
        "incometaxexpensebenefit": -25000000,
        "profitloss": -52000000,
        "netincomelossattributabletononcontrollinginterest": 341000000,
        "netincomeloss": 1184000000,
        "earningspersharebasic": 2.13,
        "earningspersharediluted": 2.13,
        "commonstockdividendspersharecashpaid": 0.47
    },
    {
        "date": "2011-06-29",
        "symbol": "XOM",
        "period": "Q2",
        "salesandotheroperatingrevenueincludingsalesbasedtaxes": 3629000000,
        "incomelossfromequitymethodinvestments": -9000000,
        "otherincome": 346000000,
        "totalrevenuesandotherincome": -8000000,
        "crudeoilandproductpurchases": 184103000000,
        "productionandmanufacturingexpenses": 9745000000,
        "sellinggeneralandadministrativeexpense": 3154000000,
        "depreciationdepletionandamortization": 3456000000,
        "explorationexpense": 545000000,
        "interestexpense": 69000000,
        "exciseandsalestaxes": 8613000000,
        "taxesother": 10275000000,
        "costsandexpenses": 69000000,
        "incomelossfromcontinuingoperationsbeforeincometaxesextraordinaryitemsnoncontrollinginterest": -77000000,
        "incometaxexpensebenefit": -26000000,
        "profitloss": -51000000,
        "netincomelossattributabletononcontrollinginterest": 218000000,
        "netincomeloss": 1449000000,
        "earningspersharebasic": 2.19,
        "earningspersharediluted": 2.18,
        "commonstockdividendspersharecashpaid": 0.47
    },
    {
        "date": "2011-03-30",
        "symbol": "XOM",
        "period": "Q1",
        "salesandotheroperatingrevenueincludingsalesbasedtaxes": 109251000000,
        "incomelossfromequitymethodinvestments": -4000000,
        "otherincome": 896000000,
        "totalrevenuesandotherincome": -3000000,
        "crudeoilandproductpurchases": 163771000000,
        "productionandmanufacturingexpenses": 8989000000,
        "sellinggeneralandadministrativeexpense": 3069000000,
        "depreciationdepletionandamortization": 3375000000,
        "explorationexpense": 270000000,
        "interestexpense": 68000000,
        "exciseandsalestaxes": 7916000000,
        "taxesother": 9394000000,
        "costsandexpenses": 68000000,
        "incomeincludingequityaffiliateearningsbeforeincometaxes": -71000000,
        "incometaxexpensebenefit": -25000000,
        "profitloss": -46000000,
        "netincomelossattributabletononcontrollinginterest": 263000000,
        "netincomeloss": -46000000,
        "earningspersharebasic": 2.14,
        "earningspersharediluted": 2.14,
        "commonstockdividendspersharecashpaid": 0.44
    },
    {
        "date": "2010-12-30",
        "symbol": "XOM",
        "period": "Q4",
        "salesandotheroperatingrevenueincludingsalesbasedtaxes": 101042000000,
        "incomelossfromequitymethodinvestments": -7226000000,
        "otherincome": 691000000,
        "totalrevenuesandotherincome": -278033000000,
        "crudeoilandproductpurchases": 102745000000,
        "productionandmanufacturingexpenses": 9999000000,
        "sellinggeneralandadministrativeexpense": 3855000000,
        "depreciationdepletionandamortization": 4270000000,
        "explorationexpense": 551000000,
        "interestexpense": 97000000,
        "exciseandsalestaxes": 7614000000,
        "taxesother": 9630000000,
        "costsandexpenses": -240157000000,
        "incometaxexpensebenefit": -15840000000,
        "profitloss": -22036000000,
        "netincomelossattributabletononcontrollinginterest": 266000000,
        "netincomeloss": -21364000000,
        "earningspersharebasic": 1.8600000000000003,
        "earningspersharediluted": 1.8499999999999992
    },
    {
        "date": "2010-09-29",
        "symbol": "XOM",
        "period": "Q3",
        "salesandotheroperatingrevenueincludingsalesbasedtaxes": 92353000000,
        "incomelossfromequitymethodinvestments": 2443000000,
        "otherincome": 502000000,
        "totalrevenuesandotherincome": 95298000000,
        "crudeoilandproductpurchases": -40000000,
        "productionandmanufacturingexpenses": 8982000000,
        "sellinggeneralandadministrativeexpense": 3707000000,
        "depreciationdepletionandamortization": 3844000000,
        "explorationexpense": 500000000,
        "interestexpense": 54000000,
        "exciseandsalestaxes": 7172000000,
        "taxesother": 9306000000,
        "costsandexpenses": 82440000000,
        "incomeincludingequityaffilateearningsbeforeincometaxes": 12858000000,
        "incometaxexpensebenefit": 5297000000,
        "profitloss": 7561000000,
        "netincomelossattributabletononcontrollinginterest": 211000000,
        "netincomeloss": 7350000000,
        "earningspersharebasic": 1.44,
        "earningspersharediluted": 1.44,
        "commonstockdividendspersharecashpaid": 0.44
    },
    {
        "date": "2010-06-29",
        "symbol": "XOM",
        "period": "Q2",
        "salesandotheroperatingrevenueincludingsalesbasedtaxes": 89693000000,
        "incomelossfromequitymethodinvestments": 2244000000,
        "otherincome": 549000000,
        "totalrevenuesandotherincome": 92486000000,
        "crudeoilandproductpurchases": 48469000000,
        "productionandmanufacturingexpenses": 8376000000,
        "sellinggeneralandadministrativeexpense": 3607000000,
        "depreciationdepletionandamortization": 3366000000,
        "explorationexpense": 407000000,
        "interestexpense": 40000000,
        "exciseandsalestaxes": 6946000000,
        "taxesother": 8569000000,
        "costsandexpenses": 79780000000,
        "incomeincludingequityaffilateearningsbeforeincometaxes": 12706000000,
        "incometaxexpensebenefit": 4960000000,
        "profitloss": 7746000000,
        "netincomelossattributabletononcontrollinginterest": 186000000,
        "netincomeloss": 7560000000,
        "earningspersharebasic": 1.61,
        "earningspersharediluted": 1.6,
        "commonstockdividendspersharecashpaid": 0.44
    },
    {
        "date": "2010-03-30",
        "symbol": "XOM",
        "period": "Q1",
        "salesandotheroperatingrevenueincludingsalesbasedtaxes": 87037000000,
        "incomelossfromequitymethodinvestments": 2537000000,
        "otherincome": 677000000,
        "totalrevenuesandotherincome": 90251000000,
        "crudeoilandproductpurchases": 46785000000,
        "productionandmanufacturingexpenses": 8435000000,
        "sellinggeneralandadministrativeexpense": 3514000000,
        "depreciationdepletionandamortization": 3280000000,
        "explorationexpense": 686000000,
        "interestexpense": 55000000,
        "exciseandsalestaxes": 6815000000,
        "taxesother": 8613000000,
        "costsandexpenses": 78183000000,
        "incomeincludingequityaffilateearningsbeforeincometaxes": 12068000000,
        "incometaxexpensebenefit": 5493000000,
        "profitloss": 6575000000,
        "netincomelossattributabletononcontrollinginterest": 275000000,
        "netincomeloss": 6300000000,
        "earningspersharebasic": 1.33,
        "earningspersharediluted": 1.33,
        "commonstockdividendspersharecashpaid": 0.42
    },
    {
        "date": "2009-09-29",
        "symbol": "XOM",
        "period": "Q3",
        "salesandotheroperatingrevenueincludingsalesbasedtaxes": 80090000000,
        "incomelossfromequitymethodinvestments": 1675000000,
        "otherincome": 495000000,
        "totalrevenuesandotherincome": 82260000000,
        "crudeoilandproductpurchases": 41689000000,
        "productionandmanufacturingexpenses": 8097000000,
        "sellinggeneralandadministrativeexpense": 3887000000,
        "depreciationdepletionandamortization": 2927000000,
        "explorationexpense": 495000000,
        "interestexpense": 62000000,
        "exciseandsalestaxes": 6805000000,
        "taxesother": 9094000000,
        "costsandexpenses": 73056000000,
        "incomeincludingequityaffilateearningsbeforeincometaxes": 9204000000,
        "incometaxexpensebenefit": 4333000000,
        "profitloss": 4871000000,
        "netincomelossattributabletononcontrollinginterest": 141000000,
        "netincomeloss": 4730000000,
        "earningspersharebasic": 0.98,
        "earningspersharediluted": 0.98,
        "commonstockdividendspersharecashpaid": 0.42
    },
    {
        "date": "2009-06-29",
        "symbol": "XOM",
        "period": "Q2",
        "salesandotheroperatingrevenueincludingsalesbasedtaxes": 72167000000,
        "incomelossfromequitymethodinvestments": 1583000000,
        "otherincome": 707000000,
        "totalrevenuesandotherincome": 74457000000,
        "crudeoilandproductpurchases": 36903000000,
        "productionandmanufacturingexpenses": 8029000000,
        "sellinggeneralandadministrativeexpense": 3519000000,
        "depreciationdepletionandamortization": 3004000000,
        "explorationexpense": 490000000,
        "interestexpense": 343000000,
        "exciseandsalestaxes": 6216000000,
        "taxesother": 8436000000,
        "costsandexpenses": 66940000000,
        "incomeincludingequityaffilateearningsbeforeincometaxes": 7517000000,
        "incometaxexpensebenefit": 3571000000,
        "profitloss": 3946000000,
        "netincomelossattributabletononcontrollinginterest": -4000000,
        "netincomeloss": 3950000000,
        "earningspersharebasic": 0.82,
        "earningspersharediluted": 0.81,
        "commonstockdividendspersharecashpaid": 0.42
    }
]