[
    {
        "date": "2024-09-29",
        "symbol": "GWW",
        "period": "Q3",
        "revenuefromcontractwithcustomerexcludingassessedtax": 4388000000,
        "costofgoodsandservicessold": 2668000000,
        "grossprofit": 1720000000,
        "sellinggeneralandadministrativeexpense": 1034000000,
        "operatingincomeloss": 686000000,
        "interestincomeexpensenet": -19000000,
        "othernonoperatingincomeexpense": 4000000,
        "nonoperatingincomeexpense": -15000000,
        "incomelossfromcontinuingoperationsbeforeincometaxesextraordinaryitemsnoncontrollinginterest": 671000000,
        "incometaxexpensebenefit": 166000000,
        "profitloss": 505000000,
        "netincomelossattributabletononcontrollinginterest": 19000000,
        "netincomeloss": 486000000,
        "earningspersharebasic": 9.9,
        "earningspersharediluted": 9.87,
        "weightedaveragenumberofsharesoutstandingbasic": 48800000,
        "weightedaveragenumberofdilutedsharesoutstanding": 48900000,
        "othercomprehensiveincomeforeigncurrencytransactionandtranslationgainlossarisingduringperiodnetoftax": 79000000,
        "othercomprehensiveincomelossreclassificationadjustmentfromaocipensionandotherpostretirementbenefitplansnetoftax": -3000000,
        "othercomprehensiveincomelossnetoftax": 76000000,
        "comprehensiveincomenetoftaxincludingportionattributabletononcontrollinginterest": 581000000,
        "othercomprehensiveincomeforeigncurrencytransactionandtranslationadjustmentnetoftaxportionattributabletononcontrollinginterest": 38000000,
        "comprehensiveincomenetoftaxattributabletononcontrollinginterest": 57000000,
        "comprehensiveincomenetoftax": 524000000,
        "othercomprehensiveincomelossreclassificationadjustmentfromaocipensionandotherpostretirementbenefitplanstax": 1000000
    },
    {
        "date": "2023-12-30",
        "symbol": "GWW",
        "period": "Q4",
        "revenuefromcontractwithcustomerexcludingassessedtax": 12121000000,
        "costofgoodsandservicessold": 2434000000,
        "grossprofit": 1563000000,
        "sellinggeneralandadministrativeexpense": 1006000000,
        "operatingincomeloss": 1901000000,
        "interestincomeexpensenet": -77000000,
        "othernonoperatingincomeexpense": 7000000,
        "nonoperatingincomeexpense": -16000000,
        "incomelossfromcontinuingoperationsbeforeincometaxesextraordinaryitemsnoncontrollinginterest": 541000000,
        "incometaxexpensebenefit": 129000000,
        "profitloss": 1370000000,
        "netincomelossattributabletononcontrollinginterest": 17000000,
        "netincomeloss": 395000000,
        "earningspersharebasic": 7.940000000000001,
        "earningspersharediluted": 7.909999999999997,
        "weightedaveragenumberofsharesoutstandingbasic": 49900000,
        "weightedaveragenumberofdilutedsharesoutstanding": 50100000,
        "othercomprehensiveincomeforeigncurrencytransactionandtranslationgainlossarisingduringperiodnetoftax": 58000000,
        "othercomprehensiveincomelossreclassificationadjustmentfromaocipensionandotherpostretirementbenefitplansnetoftax": 7000000,
        "othercomprehensiveincomelossnetoftax": 61000000,
        "comprehensiveincomenetoftaxincludingportionattributabletononcontrollinginterest": 477000000,
        "othercomprehensiveincomeforeigncurrencytransactionandtranslationadjustmentnetoftaxportionattributabletononcontrollinginterest": 18000000,
        "comprehensiveincomenetoftaxattributabletononcontrollinginterest": 35000000,
        "comprehensiveincomenetoftax": 442000000,
        "othercomprehensiveincomelossreclassificationadjustmentfromaocipensionandotherpostretirementbenefitplanstax": -1000000
    },
    {
        "date": "2023-09-29",
        "symbol": "GWW",
        "period": "Q3",
        "revenuefromcontractwithcustomerexcludingassessedtax": 4208000000,
        "costofgoodsandservicessold": 2553000000,
        "grossprofit": 1655000000,
        "sellinggeneralandadministrativeexpense": 988000000,
        "operatingincomeloss": 667000000,
        "interestincomeexpensenet": -22000000,
        "othernonoperatingincomeexpense": 7000000,
        "nonoperatingincomeexpense": -15000000,
        "incomelossfromcontinuingoperationsbeforeincometaxesextraordinaryitemsnoncontrollinginterest": 652000000,
        "incometaxexpensebenefit": 159000000,
        "profitloss": 493000000,
        "netincomelossattributabletononcontrollinginterest": 17000000,
        "netincomeloss": 476000000,
        "earningspersharebasic": 9.47,
        "earningspersharediluted": 9.43,
        "weightedaveragenumberofsharesoutstandingbasic": 49900000,
        "weightedaveragenumberofdilutedsharesoutstanding": 50100000,
        "othercomprehensiveincomeforeigncurrencytransactionandtranslationgainlossarisingduringperiodnetoftax": -39000000,
        "othercomprehensiveincomelossreclassificationadjustmentfromaocipensionandotherpostretirementbenefitplansnetoftax": -3000000,
        "othercomprehensiveincomelossnetoftax": -42000000,
        "comprehensiveincomenetoftaxincludingportionattributabletononcontrollinginterest": 451000000,
        "othercomprehensiveincomeforeigncurrencytransactionandtranslationadjustmentnetoftaxportionattributabletononcontrollinginterest": -7000000,
        "comprehensiveincomenetoftaxattributabletononcontrollinginterest": 10000000,
        "comprehensiveincomenetoftax": 441000000,
        "othercomprehensiveincomelossreclassificationadjustmentfromaocipensionandotherpostretirementbenefitplanstax": 1000000
    },
    {
        "date": "2023-06-29",
        "symbol": "GWW",
        "period": "Q2",
        "revenuefromcontractwithcustomerexcludingassessedtax": 76000000,
        "costofgoodsandservicessold": 2538000000,
        "grossprofit": 1644000000,
        "sellinggeneralandadministrativeexpense": 983000000,
        "operatingincomeloss": -4000000,
        "interestincomeexpensenet": -2000000,
        "othernonoperatingincomeexpense": 8000000,
        "nonoperatingincomeexpense": -16000000,
        "incomelossfromcontinuingoperationsbeforeincometaxesextraordinaryitemsnoncontrollinginterest": 645000000,
        "incometaxexpensebenefit": 155000000,
        "profitloss": 20000000,
        "netincomelossattributabletononcontrollinginterest": 20000000,
        "netincomeloss": 470000000,
        "earningspersharebasic": 9.32,
        "earningspersharediluted": 9.28,
        "weightedaveragenumberofsharesoutstandingbasic": 50100000,
        "weightedaveragenumberofdilutedsharesoutstanding": 50300000,
        "othercomprehensiveincomeforeigncurrencytransactionandtranslationgainlossarisingduringperiodnetoftax": -32000000,
        "othercomprehensiveincomelossreclassificationadjustmentfromaocipensionandotherpostretirementbenefitplansnetoftax": -3000000,
        "othercomprehensiveincomelossnetoftax": -27000000,
        "comprehensiveincomenetoftaxincludingportionattributabletononcontrollinginterest": 455000000,
        "othercomprehensiveincomeforeigncurrencytransactionandtranslationadjustmentnetoftaxportionattributabletononcontrollinginterest": -27000000,
        "comprehensiveincomenetoftaxattributabletononcontrollinginterest": -7000000,
        "comprehensiveincomenetoftax": 462000000,
        "othercomprehensiveincomelossreclassificationadjustmentfromaocipensionandotherpostretirementbenefitplanstax": 1000000
    },
    {
        "date": "2023-03-30",
        "symbol": "GWW",
        "period": "Q1",
        "revenuefromcontractwithcustomerexcludingassessedtax": 73000000,
        "costofgoodsandservicessold": 2457000000,
        "grossprofit": 1634000000,
        "sellinggeneralandadministrativeexpense": 954000000,
        "operatingincomeloss": 1000000,
        "interestincomeexpensenet": 8000000,
        "othernonoperatingincomeexpense": 6000000,
        "nonoperatingincomeexpense": -18000000,
        "incomelossfromcontinuingoperationsbeforeincometaxesextraordinaryitemsnoncontrollinginterest": 662000000,
        "incometaxexpensebenefit": 154000000,
        "profitloss": 20000000,
        "netincomelossattributabletononcontrollinginterest": 20000000,
        "netincomeloss": 488000000,
        "earningspersharebasic": 9.66,
        "earningspersharediluted": 9.61,
        "weightedaveragenumberofsharesoutstandingbasic": 50200000,
        "weightedaveragenumberofdilutedsharesoutstanding": 50500000,
        "othercomprehensiveincomeforeigncurrencytransactionandtranslationgainlossarisingduringperiodnetoftax": 2000000,
        "othercomprehensiveincomelossreclassificationadjustmentfromaocipensionandotherpostretirementbenefitplansnetoftax": -3000000,
        "othercomprehensiveincomelossnetoftax": -5000000,
        "comprehensiveincomenetoftaxincludingportionattributabletononcontrollinginterest": 507000000,
        "othercomprehensiveincomeforeigncurrencytransactionandtranslationadjustmentnetoftaxportionattributabletononcontrollinginterest": -5000000,
        "comprehensiveincomenetoftaxattributabletononcontrollinginterest": 15000000,
        "comprehensiveincomenetoftax": 492000000,
        "othercomprehensiveincomelossreclassificationadjustmentfromaocipensionandotherpostretirementbenefitplanstax": 1000000
    },
    {
        "date": "2022-12-30",
        "symbol": "GWW",
        "period": "Q4",
        "revenuefromcontractwithcustomerexcludingassessedtax": 365000000,
        "costofgoodsandservicessold": 2296000000,
        "grossprofit": 1506000000,
        "sellinggeneralandadministrativeexpense": 962000000,
        "operatingincomeloss": 19000000,
        "interestincomeexpensenet": 0,
        "othernonoperatingincomeexpense": 4000000,
        "nonoperatingincomeexpense": -19000000,
        "incomelossfromcontinuingoperationsbeforeincometaxesextraordinaryitemsnoncontrollinginterest": 525000000,
        "incometaxexpensebenefit": 128000000,
        "profitloss": 13000000,
        "netincomelossattributabletononcontrollinginterest": 13000000,
        "netincomeloss": 384000000,
        "earningspersharebasic": 7.579999999999997,
        "earningspersharediluted": 7.529999999999998,
        "weightedaveragenumberofsharesoutstandingbasic": -102000000,
        "weightedaveragenumberofdilutedsharesoutstanding": -102700000,
        "othercomprehensiveincomeforeigncurrencytransactionandtranslationgainlossarisingduringperiodnetoftax": 79000000,
        "othercomprehensiveincomelossreclassificationadjustmentfromaocipensionandotherpostretirementbenefitplansnetoftax": -7000000,
        "othercomprehensiveincomelossnetoftax": 27000000,
        "comprehensiveincomenetoftaxincludingportionattributabletononcontrollinginterest": 469000000,
        "othercomprehensiveincomeforeigncurrencytransactionandtranslationadjustmentnetoftaxportionattributabletononcontrollinginterest": 27000000,
        "comprehensiveincomenetoftaxattributabletononcontrollinginterest": 40000000,
        "comprehensiveincomenetoftax": 429000000,
        "othercomprehensiveincomelossreclassificationadjustmentfromaocipensionandotherpostretirementbenefitplanstax": 2000000
    },
    {
        "date": "2022-09-29",
        "symbol": "GWW",
        "period": "Q3",
        "revenuefromcontractwithcustomerexcludingassessedtax": 61000000,
        "costofgoodsandservicessold": 2423000000,
        "grossprofit": 1519000000,
        "sellinggeneralandadministrativeexpense": 916000000,
        "operatingincomeloss": -5000000,
        "interestincomeexpensenet": -11000000,
        "othernonoperatingincomeexpense": 9000000,
        "nonoperatingincomeexpense": -16000000,
        "incomelossfromcontinuingoperationsbeforeincometaxesextraordinaryitemsnoncontrollinginterest": 587000000,
        "incometaxexpensebenefit": 145000000,
        "profitloss": 16000000,
        "netincomelossattributabletononcontrollinginterest": 16000000,
        "netincomeloss": 426000000,
        "earningspersharebasic": 8.31,
        "earningspersharediluted": 8.27,
        "weightedaveragenumberofsharesoutstandingbasic": 50800000,
        "weightedaveragenumberofdilutedsharesoutstanding": 51100000,
        "othercomprehensiveincomeforeigncurrencytransactionandtranslationgainlossarisingduringperiodnetoftax": -71000000,
        "othercomprehensiveincomelossreclassificationadjustmentfromaocipensionandotherpostretirementbenefitplansnetoftax": -3000000,
        "othercomprehensiveincomelossnetoftax": -14000000,
        "comprehensiveincomenetoftaxincludingportionattributabletononcontrollinginterest": 368000000,
        "othercomprehensiveincomeforeigncurrencytransactionandtranslationadjustmentnetoftaxportionattributabletononcontrollinginterest": -14000000,
        "comprehensiveincomenetoftaxattributabletononcontrollinginterest": 2000000,
        "comprehensiveincomenetoftax": 366000000,
        "othercomprehensiveincomelossreclassificationadjustmentfromaocipensionandotherpostretirementbenefitplanstax": 2000000
    },
    {
        "date": "2022-06-29",
        "symbol": "GWW",
        "period": "Q2",
        "revenuefromcontractwithcustomerexcludingassessedtax": 65000000,
        "costofgoodsandservicessold": 2396000000,
        "grossprofit": 1441000000,
        "sellinggeneralandadministrativeexpense": 907000000,
        "operatingincomeloss": -3000000,
        "interestincomeexpensenet": -5000000,
        "othernonoperatingincomeexpense": 5000000,
        "nonoperatingincomeexpense": -17000000,
        "incomelossfromcontinuingoperationsbeforeincometaxesextraordinaryitemsnoncontrollinginterest": 517000000,
        "incometaxexpensebenefit": 128000000,
        "profitloss": 18000000,
        "netincomelossattributabletononcontrollinginterest": 18000000,
        "netincomeloss": 371000000,
        "earningspersharebasic": 7.22,
        "earningspersharediluted": 7.19,
        "weightedaveragenumberofsharesoutstandingbasic": 51000000,
        "weightedaveragenumberofdilutedsharesoutstanding": 51300000,
        "othercomprehensiveincomeforeigncurrencytransactionandtranslationgainlossarisingduringperiodnetoftax": -83000000,
        "othercomprehensiveincomelossreclassificationadjustmentfromaocipensionandotherpostretirementbenefitplansnetoftax": -4000000,
        "othercomprehensiveincomelossnetoftax": -31000000,
        "comprehensiveincomenetoftaxincludingportionattributabletononcontrollinginterest": 302000000,
        "othercomprehensiveincomeforeigncurrencytransactionandtranslationadjustmentnetoftaxportionattributabletononcontrollinginterest": -31000000,
        "comprehensiveincomenetoftaxattributabletononcontrollinginterest": -13000000,
        "comprehensiveincomenetoftax": 315000000,
        "othercomprehensiveincomelossreclassificationadjustmentfromaocipensionandotherpostretirementbenefitplanstax": 1000000
    },
    {
        "date": "2022-03-30",
        "symbol": "GWW",
        "period": "Q1",
        "revenuefromcontractwithcustomerexcludingassessedtax": 72000000,
        "costofgoodsandservicessold": 2264000000,
        "grossprofit": 1383000000,
        "sellinggeneralandadministrativeexpense": 849000000,
        "operatingincomeloss": -2000000,
        "interestincomeexpensenet": -19000000,
        "othernonoperatingincomeexpense": 6000000,
        "nonoperatingincomeexpense": -17000000,
        "incomelossfromcontinuingoperationsbeforeincometaxesextraordinaryitemsnoncontrollinginterest": 517000000,
        "incometaxexpensebenefit": 132000000,
        "profitloss": 19000000,
        "netincomelossattributabletononcontrollinginterest": 19000000,
        "netincomeloss": 366000000,
        "earningspersharebasic": 7.11,
        "earningspersharediluted": 7.07,
        "weightedaveragenumberofsharesoutstandingbasic": 51100000,
        "weightedaveragenumberofdilutedsharesoutstanding": 51400000,
        "othercomprehensiveincomeforeigncurrencytransactionandtranslationgainlossarisingduringperiodnetoftax": -26000000,
        "othercomprehensiveincomelossreclassificationadjustmentfromaocipensionandotherpostretirementbenefitplansnetoftax": -3000000,
        "othercomprehensiveincomelossnetoftax": -16000000,
        "comprehensiveincomenetoftaxincludingportionattributabletononcontrollinginterest": 356000000,
        "othercomprehensiveincomeforeigncurrencytransactionandtranslationadjustmentnetoftaxportionattributabletononcontrollinginterest": -16000000,
        "comprehensiveincomenetoftaxattributabletononcontrollinginterest": 3000000,
        "comprehensiveincomenetoftax": 353000000,
        "othercomprehensiveincomelossreclassificationadjustmentfromaocipensionandotherpostretirementbenefitplanstax": 1000000
    },
    {
        "date": "2021-12-30",
        "symbol": "GWW",
        "period": "Q4",
        "revenuefromcontractwithcustomerexcludingassessedtax": 329000000,
        "costofgoodsandservicessold": 2106000000,
        "grossprofit": 1253000000,
        "sellinggeneralandadministrativeexpense": 836000000,
        "operatingincomeloss": -2000000,
        "interestincomeexpensenet": -8000000,
        "othernonoperatingincomeexpense": 6000000,
        "nonoperatingincomeexpense": -16000000,
        "incomelossfromcontinuingoperationsbeforeincometaxesextraordinaryitemsnoncontrollinginterest": 401000000,
        "incometaxexpensebenefit": 100000000,
        "profitloss": -742000000,
        "netincomelossattributabletononcontrollinginterest": 18000000,
        "netincomeloss": 283000000,
        "earningspersharebasic": 5.460000000000001,
        "earningspersharediluted": 5.4399999999999995,
        "weightedaveragenumberofsharesoutstandingbasic": -200000,
        "weightedaveragenumberofdilutedsharesoutstanding": -200000,
        "othercomprehensiveincomeforeigncurrencytransactionandtranslationgainlossarisingduringperiodnetoftax": -21000000,
        "othercomprehensiveincomelossnetoftax": 23000000,
        "comprehensiveincomenetoftaxincludingportionattributabletononcontrollinginterest": 289000000,
        "comprehensiveincomenetoftaxattributabletononcontrollinginterest": 8000000,
        "comprehensiveincomenetoftax": 281000000
    },
    {
        "date": "2021-09-29",
        "symbol": "GWW",
        "period": "Q3",
        "revenuefromcontractwithcustomerexcludingassessedtax": 63000000,
        "costofgoodsandservicessold": 2122000000,
        "grossprofit": 1250000000,
        "sellinggeneralandadministrativeexpense": 812000000,
        "operatingincomeloss": -8000000,
        "interestincomeexpensenet": -3000000,
        "othernonoperatingincomeexpense": 20000000,
        "nonoperatingincomeexpense": -16000000,
        "incomelossfromcontinuingoperationsbeforeincometaxesextraordinaryitemsnoncontrollinginterest": 422000000,
        "incometaxexpensebenefit": 107000000,
        "profitloss": 315000000,
        "netincomelossattributabletononcontrollinginterest": 18000000,
        "netincomeloss": 297000000,
        "earningspersharebasic": 5.68,
        "earningspersharediluted": 5.640000000000001,
        "weightedaveragenumberofsharesoutstandingbasic": -100000,
        "weightedaveragenumberofdilutedsharesoutstanding": -100000,
        "commonstockdividendspersharecashpaid": 1.6199999999999994,
        "othercomprehensiveincomeforeigncurrencytransactionandtranslationgainlossarisingduringperiodnetoftax": -17000000,
        "othercomprehensiveincomelossreclassificationadjustmentfromaocipensionandotherpostretirementbenefitplansnetoftax": -4000000,
        "othercomprehensiveincomelossnetoftax": -21000000,
        "comprehensiveincomenetoftaxincludingportionattributabletononcontrollinginterest": 294000000,
        "comprehensiveincomenetoftaxattributabletononcontrollinginterest": 17000000,
        "comprehensiveincomenetoftax": 277000000,
        "othercomprehensiveincomelossreclassificationadjustmentfromaocipensionandotherpostretirementbenefitplanstax": 1000000
    },
    {
        "date": "2021-06-29",
        "symbol": "GWW",
        "period": "Q2",
        "revenuefromcontractwithcustomerexcludingassessedtax": 3207000000,
        "costofgoodsandservicessold": 2083000000,
        "grossprofit": 1124000000,
        "sellinggeneralandadministrativeexpense": 790000000,
        "operatingincomeloss": 334000000,
        "interestincomeexpensenet": -22000000,
        "othernonoperatingincomeexpense": 7000000,
        "nonoperatingincomeexpense": -15000000,
        "incomelossfromcontinuingoperationsbeforeincometaxesextraordinaryitemsnoncontrollinginterest": 319000000,
        "incometaxexpensebenefit": 76000000,
        "profitloss": 243000000,
        "netincomelossattributabletononcontrollinginterest": 18000000,
        "netincomeloss": 225000000,
        "earningspersharebasic": 4.290000000000001,
        "earningspersharediluted": 4.279999999999999,
        "weightedaveragenumberofsharesoutstandingbasic": -100000,
        "weightedaveragenumberofdilutedsharesoutstanding": -100000,
        "commonstockdividendspersharecashpaid": 1.6199999999999999,
        "othercomprehensiveincomeforeigncurrencytransactionandtranslationgainlossarisingduringperiodnetoftax": 9000000,
        "othercomprehensiveincomelossreclassificationadjustmentfromaocipensionandotherpostretirementbenefitplansnetoftax": -2000000,
        "othercomprehensiveincomelosscashflowhedgegainlossreclassificationaftertax": 0,
        "othercomprehensiveincomelossnetoftax": 7000000,
        "comprehensiveincomenetoftaxincludingportionattributabletononcontrollinginterest": 250000000,
        "othercomprehensiveincomeforeigncurrencytransactionandtranslationadjustmentnetoftaxportionattributabletononcontrollinginterest": 0,
        "comprehensiveincomenetoftaxattributabletononcontrollinginterest": 18000000,
        "comprehensiveincomenetoftax": 232000000,
        "othercomprehensiveincomelossreclassificationadjustmentfromaocipensionandotherpostretirementbenefitplanstax": 1000000
    },
    {
        "date": "2021-03-30",
        "symbol": "GWW",
        "period": "Q1",
        "revenuefromcontractwithcustomerexcludingassessedtax": 3084000000,
        "costofgoodsandservicessold": 1991000000,
        "grossprofit": 1093000000,
        "sellinggeneralandadministrativeexpense": 735000000,
        "operatingincomeloss": 358000000,
        "interestincomeexpensenet": -21000000,
        "othernonoperatingincomeexpense": 6000000,
        "nonoperatingincomeexpense": -15000000,
        "incomelossfromcontinuingoperationsbeforeincometaxesextraordinaryitemsnoncontrollinginterest": 343000000,
        "incometaxexpensebenefit": 88000000,
        "profitloss": 255000000,
        "netincomelossattributabletononcontrollinginterest": 17000000,
        "netincomeloss": 238000000,
        "earningspersharebasic": 4.51,
        "earningspersharediluted": 4.48,
        "weightedaveragenumberofsharesoutstandingbasic": 52300000,
        "weightedaveragenumberofdilutedsharesoutstanding": 52600000,
        "commonstockdividendspersharecashpaid": 1.53,
        "othercomprehensiveincomeforeigncurrencytransactionandtranslationgainlossarisingduringperiodnetoftax": -35000000,
        "othercomprehensiveincomelossreclassificationadjustmentfromaocipensionandotherpostretirementbenefitplansnetoftax": -4000000,
        "othercomprehensiveincomelosscashflowhedgegainlossreclassificationaftertax": -1000000,
        "othercomprehensiveincomelossnetoftax": -38000000,
        "comprehensiveincomenetoftaxincludingportionattributabletononcontrollinginterest": 217000000,
        "othercomprehensiveincomeforeigncurrencytransactionandtranslationadjustmentnetoftaxportionattributabletononcontrollinginterest": -18000000,
        "comprehensiveincomenetoftaxattributabletononcontrollinginterest": -1000000,
        "comprehensiveincomenetoftax": 218000000,
        "othercomprehensiveincomelossreclassificationadjustmentfromaocipensionandotherpostretirementbenefitplanstax": 1000000
    },
    {
        "date": "2020-12-30",
        "symbol": "GWW",
        "period": "Q4",
        "revenuefromcontractwithcustomerexcludingassessedtax": 2941000000,
        "costofgoodsandservicessold": 1914000000,
        "grossprofit": 1027000000,
        "sellinggeneralandadministrativeexpense": 752000000,
        "operatingincomeloss": 275000000,
        "interestincomeexpensenet": -21000000,
        "othernonoperatingincomeexpense": 5000000,
        "nonoperatingincomeexpense": -16000000,
        "incomelossfromcontinuingoperationsbeforeincometaxesextraordinaryitemsnoncontrollinginterest": 259000000,
        "incometaxexpensebenefit": 74000000,
        "profitloss": 185000000,
        "netincomelossattributabletononcontrollinginterest": 17000000,
        "netincomeloss": 168000000,
        "earningspersharebasic": 3.1399999999999997,
        "earningspersharediluted": 3.1200000000000006,
        "weightedaveragenumberofsharesoutstandingbasic": -100000,
        "weightedaveragenumberofdilutedsharesoutstanding": -100000,
        "othercomprehensiveincomeforeigncurrencytransactionandtranslationgainlossarisingduringperiodnetoftax": 53000000,
        "othercomprehensiveincomelossreclassificationadjustmentfromaocipensionandotherpostretirementbenefitplansnetoftax": 30000000,
        "othercomprehensiveincomelossnetoftax": 79000000,
        "comprehensiveincomenetoftaxincludingportionattributabletononcontrollinginterest": 264000000,
        "othercomprehensiveincomeforeigncurrencytransactionandtranslationadjustmentnetoftaxportionattributabletononcontrollinginterest": 6000000,
        "comprehensiveincomenetoftaxattributabletononcontrollinginterest": 23000000,
        "comprehensiveincomenetoftax": 241000000,
        "othercomprehensiveincomelossreclassificationadjustmentfromaocipensionandotherpostretirementbenefitplanstax": -10000000
    },
    {
        "date": "2020-09-29",
        "symbol": "GWW",
        "period": "Q3",
        "revenuefromcontractwithcustomerexcludingassessedtax": 3018000000,
        "costofgoodsandservicessold": 1944000000,
        "grossprofit": 1074000000,
        "sellinggeneralandadministrativeexpense": 694000000,
        "operatingincomeloss": 380000000,
        "interestincomeexpensenet": -23000000,
        "othernonoperatingincomeexpense": 5000000,
        "nonoperatingincomeexpense": -18000000,
        "incomelossfromcontinuingoperationsbeforeincometaxesextraordinaryitemsnoncontrollinginterest": 362000000,
        "incometaxexpensebenefit": 106000000,
        "profitloss": 256000000,
        "netincomelossattributabletononcontrollinginterest": 16000000,
        "netincomeloss": 240000000,
        "earningspersharebasic": 4.430000000000001,
        "earningspersharediluted": 4.41,
        "weightedaveragenumberofsharesoutstandingbasic": -53500000,
        "weightedaveragenumberofdilutedsharesoutstanding": -53700000,
        "commonstockdividendspersharecashpaid": 1.5300000000000002,
        "othercomprehensiveincomeforeigncurrencytransactionandtranslationgainlossarisingduringperiodnetoftax": 24000000,
        "othercomprehensiveincomelossreclassificationadjustmentfromaocipensionandotherpostretirementbenefitplansnetoftax": -2000000,
        "othercomprehensiveincomelosscashflowhedgegainlossreclassificationaftertax": 0,
        "othercomprehensiveincomelossnetoftax": 22000000,
        "comprehensiveincomenetoftaxincludingportionattributabletononcontrollinginterest": 278000000,
        "othercomprehensiveincomeforeigncurrencytransactionandtranslationadjustmentnetoftaxportionattributabletononcontrollinginterest": 5000000,
        "comprehensiveincomenetoftaxattributabletononcontrollinginterest": 21000000,
        "comprehensiveincomenetoftax": 257000000,
        "othercomprehensiveincomelossreclassificationadjustmentfromaocipensionandotherpostretirementbenefitplanstax": 1000000
    },
    {
        "date": "2020-06-29",
        "symbol": "GWW",
        "period": "Q2",
        "revenuefromcontractwithcustomerexcludingassessedtax": 2837000000,
        "costofgoodsandservicessold": 1821000000,
        "grossprofit": 1016000000,
        "sellinggeneralandadministrativeexpense": 811000000,
        "operatingincomeloss": 205000000,
        "interestincomeexpensenet": -28000000,
        "othernonoperatingincomeexpense": 7000000,
        "nonoperatingincomeexpense": -21000000,
        "incomelossfromcontinuingoperationsbeforeincometaxesextraordinaryitemsnoncontrollinginterest": 184000000,
        "incometaxexpensebenefit": 55000000,
        "profitloss": 129000000,
        "netincomelossattributabletononcontrollinginterest": 15000000,
        "netincomeloss": 114000000,
        "earningspersharebasic": 2.11,
        "earningspersharediluted": 2.1,
        "weightedaveragenumberofsharesoutstandingbasic": 53500000,
        "weightedaveragenumberofdilutedsharesoutstanding": 53700000,
        "commonstockdividendspersharecashpaid": 1.44,
        "othercomprehensiveincomeforeigncurrencytransactionandtranslationgainlossarisingduringperiodnetoftax": 64000000,
        "othercomprehensiveincomelossreclassificationadjustmentfromaocipensionandotherpostretirementbenefitplansnetoftax": -3000000,
        "othercomprehensiveincomelosscashflowhedgegainlossreclassificationaftertax": -3000000,
        "othercomprehensiveincomelossnetoftax": 64000000,
        "comprehensiveincomenetoftaxincludingportionattributabletononcontrollinginterest": 193000000,
        "othercomprehensiveincomeforeigncurrencytransactionandtranslationadjustmentnetoftaxportionattributabletononcontrollinginterest": -2000000,
        "comprehensiveincomenetoftaxattributabletononcontrollinginterest": 13000000,
        "comprehensiveincomenetoftax": 180000000,
        "othercomprehensiveincomelossreclassificationadjustmentfromaocipensionandotherpostretirementbenefitplanstax": 1000000
    },
    {
        "date": "2020-03-30",
        "symbol": "GWW",
        "period": "Q1",
        "profitloss": 185000000,
        "othercomprehensiveincomeforeigncurrencytransactionandtranslationgainlossarisingduringperiodnetoftax": -58000000,
        "othercomprehensiveincomelossreclassificationadjustmentfromaocipensionandotherpostretirementbenefitplansnetoftax": -3000000,
        "othercomprehensiveincomelosscashflowhedgegainlossreclassificationaftertax": -1000000,
        "othercomprehensiveincomelossnetoftax": -60000000,
        "comprehensiveincomenetoftaxincludingportionattributabletononcontrollinginterest": 125000000,
        "netincomelossattributabletononcontrollinginterest": 12000000,
        "othercomprehensiveincomeforeigncurrencytransactionandtranslationadjustmentnetoftaxportionattributabletononcontrollinginterest": 3000000,
        "comprehensiveincomenetoftaxattributabletononcontrollinginterest": 15000000,
        "comprehensiveincomenetoftax": 110000000,
        "othercomprehensiveincomelossreclassificationadjustmentfromaocipensionandotherpostretirementbenefitplanstax": 1000000,
        "revenuefromcontractwithcustomerexcludingassessedtax": 3001000000,
        "costofgoodsandservicessold": 1880000000,
        "grossprofit": 1121000000,
        "sellinggeneralandadministrativeexpense": 962000000,
        "operatingincomeloss": 159000000,
        "interestincomeexpensenet": -21000000,
        "othernonoperatingincomeexpense": 4000000,
        "nonoperatingincomeexpense": -17000000,
        "incomelossfromcontinuingoperationsbeforeincometaxesextraordinaryitemsnoncontrollinginterest": 142000000,
        "incometaxexpensebenefit": -43000000,
        "netincomeloss": 173000000,
        "earningspersharebasic": 3.2,
        "earningspersharediluted": 3.19,
        "weightedaveragenumberofsharesoutstandingbasic": 53600000,
        "weightedaveragenumberofdilutedsharesoutstanding": 53800000,
        "commonstockdividendspersharecashpaid": 1.44
    },
    {
        "date": "2019-12-30",
        "symbol": "GWW",
        "period": "Q4",
        "profitloss": 350000000,
        "othercomprehensiveincomeforeigncurrencytransactionandtranslationgainlossarisingduringperiodnetoftax": 20000000,
        "othercomprehensiveincomelossreclassificationadjustmentfromaocipensionandotherpostretirementbenefitplansnetoftax": 1000000,
        "othercomprehensiveincomelossnetoftax": 3000000,
        "comprehensiveincomenetoftaxincludingportionattributabletononcontrollinginterest": 138000000,
        "netincomelossattributabletononcontrollinginterest": 14000000,
        "othercomprehensiveincomeforeigncurrencytransactionandtranslationadjustmentnetoftaxportionattributabletononcontrollinginterest": 1000000,
        "comprehensiveincomenetoftaxattributabletononcontrollinginterest": 15000000,
        "comprehensiveincomenetoftax": 123000000,
        "othercomprehensiveincomelossreclassificationadjustmentfromaocipensionandotherpostretirementbenefitplanstax": -1000000,
        "costofgoodsandservicessold": 1765000000,
        "grossprofit": 1082000000,
        "sellinggeneralandadministrativeexpense": 901000000,
        "operatingincomeloss": 554000000,
        "nonoperatingincomeexpense": -11000000,
        "incomelossfromcontinuingoperationsbeforeincometaxesextraordinaryitemsnoncontrollinginterest": 170000000,
        "incometaxexpensebenefit": 53000000,
        "netincomeloss": 103000000,
        "earningspersharebasic": 1.9300000000000006,
        "earningspersharediluted": 1.92,
        "weightedaveragenumberofsharesoutstandingbasic": -56082998,
        "weightedaveragenumberofdilutedsharesoutstanding": -56426564
    },
    {
        "date": "2019-09-29",
        "symbol": "GWW",
        "period": "Q3",
        "profitloss": 244000000,
        "othercomprehensiveincomeforeigncurrencytransactionandtranslationgainlossarisingduringperiodnetoftax": -17000000,
        "othercomprehensiveincomelossreclassificationadjustmentfromaocipensionandotherpostretirementbenefitplansnetoftax": -2000000,
        "othercomprehensiveincomelossnetoftax": -19000000,
        "comprehensiveincomenetoftaxincludingportionattributabletononcontrollinginterest": 225000000,
        "netincomelossattributabletononcontrollinginterest": 11000000,
        "othercomprehensiveincomeforeigncurrencytransactionandtranslationadjustmentnetoftaxportionattributabletononcontrollinginterest": -1000000,
        "comprehensiveincomenetoftaxattributabletononcontrollinginterest": 10000000,
        "comprehensiveincomenetoftax": 215000000,
        "othercomprehensiveincomelossreclassificationadjustmentfromaocipensionandotherpostretirementbenefitplanstax": 1000000,
        "revenuefromcontractwithcustomerexcludingassessedtax": 2947000000,
        "costofgoodsandservicessold": 1848000000,
        "grossprofit": 1099000000,
        "sellinggeneralandadministrativeexpense": 761000000,
        "operatingincomeloss": 338000000,
        "investmentincomeinterest": 1000000,
        "interestexpense": 21000000,
        "othernonoperatingincomeexpense": 4000000,
        "nonoperatingincomeexpense": -16000000,
        "incomelossfromcontinuingoperationsbeforeincometaxesextraordinaryitemsnoncontrollinginterest": 322000000,
        "incometaxexpensebenefit": 78000000,
        "netincomeloss": 233000000,
        "earningspersharebasic": 4.27,
        "earningspersharediluted": 4.25,
        "weightedaveragenumberofsharesoutstandingbasic": 54125184,
        "weightedaveragenumberofdilutedsharesoutstanding": 54354904,
        "commonstockdividendspersharecashpaid": 1.44
    },
    {
        "date": "2019-06-29",
        "symbol": "GWW",
        "period": "Q2",
        "profitloss": 272000000,
        "othercomprehensiveincomeforeigncurrencytransactionandtranslationgainlossarisingduringperiodnetoftax": 19000000,
        "othercomprehensiveincomelossreclassificationadjustmentfromaocipensionandotherpostretirementbenefitplansnetoftax": -2000000,
        "othercomprehensiveincomelossnetoftax": 17000000,
        "comprehensiveincomenetoftaxincludingportionattributabletononcontrollinginterest": 289000000,
        "netincomelossattributabletononcontrollinginterest": 12000000,
        "othercomprehensiveincomeforeigncurrencytransactionandtranslationadjustmentnetoftaxportionattributabletononcontrollinginterest": 5000000,
        "comprehensiveincomenetoftaxattributabletononcontrollinginterest": 17000000,
        "comprehensiveincomenetoftax": 272000000,
        "othercomprehensiveincomelossreclassificationadjustmentfromaocipensionandotherpostretirementbenefitplanstax": 1000000,
        "revenuefromcontractwithcustomerexcludingassessedtax": 2893000000,
        "costofgoodsandservicessold": 1772000000,
        "grossprofit": 1121000000,
        "sellinggeneralandadministrativeexpense": 741000000,
        "operatingincomeloss": 380000000,
        "investmentincomeinterest": 1000000,
        "interestexpense": 22000000,
        "othernonoperatingincomeexpense": 7000000,
        "nonoperatingincomeexpense": -14000000,
        "incomelossfromcontinuingoperationsbeforeincometaxesextraordinaryitemsnoncontrollinginterest": 366000000,
        "incometaxexpensebenefit": 94000000,
        "netincomeloss": 260000000,
        "earningspersharebasic": 4.69,
        "earningspersharediluted": 4.67,
        "weightedaveragenumberofsharesoutstandingbasic": 55139799,
        "weightedaveragenumberofdilutedsharesoutstanding": 55378936,
        "commonstockdividendspersharecashpaid": 1.44
    },
    {
        "date": "2019-03-30",
        "symbol": "GWW",
        "period": "Q1",
        "profitloss": 262000000,
        "othercomprehensiveincomeforeigncurrencytransactionandtranslationgainlossarisingduringperiodnetoftax": 4000000,
        "othercomprehensiveincomelossreclassificationadjustmentfromaocipensionandotherpostretirementbenefitplansnetoftax": -3000000,
        "othercomprehensiveincomelossnetoftax": 1000000,
        "comprehensiveincomenetoftaxincludingportionattributabletononcontrollinginterest": 263000000,
        "netincomelossattributabletononcontrollinginterest": 9000000,
        "othercomprehensiveincomeforeigncurrencytransactionandtranslationadjustmentnetoftaxportionattributabletononcontrollinginterest": -2000000,
        "comprehensiveincomenetoftaxattributabletononcontrollinginterest": 7000000,
        "comprehensiveincomenetoftax": 256000000,
        "othercomprehensiveincomelossreclassificationadjustmentfromaocipensionandotherpostretirementbenefitplanstax": 1000000,
        "salesrevenuenet": 2799000000,
        "costofgoodsandservicessold": 1704000000,
        "grossprofit": 1095000000,
        "sellinggeneralandadministrativeexpense": 732000000,
        "operatingincomeloss": 363000000,
        "investmentincomeinterest": 2000000,
        "interestexpense": 21000000,
        "othernonoperatingincome": 7000000,
        "nonoperatingincomeexpense": -12000000,
        "incomelossfromcontinuingoperationsbeforeincometaxesextraordinaryitemsnoncontrollinginterest": 351000000,
        "incometaxexpensebenefit": 89000000,
        "netincomeloss": 253000000,
        "earningspersharebasic": 4.5,
        "earningspersharediluted": 4.48,
        "weightedaveragenumberofsharesoutstandingbasic": 55643199,
        "weightedaveragenumberofdilutedsharesoutstanding": 55947628,
        "commonstockdividendspersharecashpaid": 1.36
    },
    {
        "date": "2018-12-30",
        "symbol": "GWW",
        "period": "Q4",
        "profitloss": 219427000,
        "othercomprehensiveincomeforeigncurrencytransactionandtranslationgainlossarisingduringperiodnetoftax": -15858000,
        "othercomprehensiveincomelossreclassificationadjustmentfromaocipensionandotherpostretirementbenefitplansnetoftax": 317000,
        "comprehensiveincomenetoftaxincludingportionattributabletononcontrollinginterest": 203863000,
        "netincomelossattributabletononcontrollinginterest": 10320000,
        "othercomprehensiveincomeforeigncurrencytransactionandtranslationadjustmentnetoftaxportionattributabletononcontrollinginterest": 5248000,
        "comprehensiveincomenetoftax": 188295000,
        "othercomprehensiveincomelossreclassificationadjustmentfromaocipensionandotherpostretirementbenefitplanstax": 525000,
        "salesrevenuenet": 5446984000,
        "costofgoodsandservicessold": 1696893000,
        "grossprofit": 1066065000,
        "sellinggeneralandadministrativeexpense": 776003000,
        "operatingincomeloss": 991428000,
        "investmentincomeinterest": 2355000,
        "interestexpense": 18058000,
        "incomelossfromequitymethodinvestments": -729000,
        "nonoperatingincomeexpense": -10433000,
        "incomelossfromcontinuingoperationsbeforeincometaxesextraordinaryitemsnoncontrollinginterest": 279629000,
        "incometaxexpensebenefit": 60202000,
        "netincomeloss": 209107000,
        "earningspersharebasic": 3.7,
        "earningspersharediluted": 3.6799999999999997,
        "weightedaveragenumberofsharesoutstandingbasic": -112412046,
        "weightedaveragenumberofdilutedsharesoutstanding": -113225562
    },
    {
        "date": "2018-09-29",
        "symbol": "GWW",
        "period": "Q3",
        "profitloss": 115045000,
        "othercomprehensiveincomeforeigncurrencytransactionandtranslationgainlossarisingduringperiodnetoftax": 213000,
        "othercomprehensiveincomelossreclassificationadjustmentfromaocipensionandotherpostretirementbenefitplansnetoftax": -2440000,
        "othercomprehensiveincomelossderivativesqualifyingashedgesnetoftax": 1000,
        "othercomprehensiveincomelossnetoftax": -2226000,
        "comprehensiveincomenetoftaxincludingportionattributabletononcontrollinginterest": 112819000,
        "netincomelossattributabletononcontrollinginterest": 10668000,
        "othercomprehensiveincomeforeigncurrencytransactionandtranslationadjustmentnetoftaxportionattributabletononcontrollinginterest": -4472000,
        "comprehensiveincomenetoftaxattributabletononcontrollinginterest": 6196000,
        "comprehensiveincomenetoftax": 106623000,
        "othercomprehensiveincomelossreclassificationadjustmentfromaocipensionandotherpostretirementbenefitplanstax": 825000,
        "salesrevenuenet": 608352000,
        "costofgoodsandservicessold": 1752194000,
        "grossprofit": 1079235000,
        "sellinggeneralandadministrativeexpense": 890113000,
        "operatingincomeloss": -99831000,
        "investmentincomeinterest": 2003000,
        "interestexpense": 22353000,
        "incomelossfromequitymethodinvestments": -3731000,
        "othernonoperatingincome": 5976000,
        "nonoperatingincomeexpense": -18105000,
        "incomelossfromcontinuingoperationsbeforeincometaxesextraordinaryitemsnoncontrollinginterest": 171017000,
        "incometaxexpensebenefit": 55972000,
        "netincomeloss": 104377000,
        "earningspersharebasic": 1.84,
        "earningspersharediluted": 1.82,
        "weightedaveragenumberofsharesoutstandingbasic": 56339630,
        "weightedaveragenumberofdilutedsharesoutstanding": 56803857,
        "commonstockdividendspersharecashpaid": 1.36
    },
    {
        "date": "2018-06-29",
        "symbol": "GWW",
        "period": "Q2",
        "profitloss": 247743000,
        "othercomprehensiveincomeforeigncurrencytransactionandtranslationgainlossarisingduringperiodnetoftax": -48471000,
        "othercomprehensiveincomelossreclassificationadjustmentfromaocipensionandotherpostretirementbenefitplansnetoftax": -2438000,
        "othercomprehensiveincomelossderivativesqualifyingashedgesnetoftax": 17000,
        "othercomprehensiveincomelossnetoftax": -50892000,
        "comprehensiveincomenetoftaxincludingportionattributabletononcontrollinginterest": 196851000,
        "netincomelossattributabletononcontrollinginterest": 10762000,
        "othercomprehensiveincomeforeigncurrencytransactionandtranslationadjustmentnetoftaxportionattributabletononcontrollinginterest": -6136000,
        "comprehensiveincomenetoftaxattributabletononcontrollinginterest": 4626000,
        "comprehensiveincomenetoftax": 192225000,
        "othercomprehensiveincomelossreclassificationadjustmentfromaocipensionandotherpostretirementbenefitplanstax": 825000,
        "salesrevenuenet": 620978000,
        "costofgoodsandservicessold": 1749271000,
        "grossprofit": 1110941000,
        "sellinggeneralandadministrativeexpense": 766955000,
        "operatingincomeloss": 40899000,
        "investmentincomeinterest": 1014000,
        "interestexpense": 22924000,
        "incomelossfromequitymethodinvestments": -3043000,
        "othernonoperatingincome": 4327000,
        "nonoperatingincomeexpense": -20626000,
        "incomelossfromcontinuingoperationsbeforeincometaxesextraordinaryitemsnoncontrollinginterest": 323360000,
        "incometaxexpensebenefit": 75617000,
        "netincomeloss": 236981000,
        "earningspersharebasic": 4.19,
        "earningspersharediluted": 4.16,
        "weightedaveragenumberofsharesoutstandingbasic": 56109809,
        "weightedaveragenumberofdilutedsharesoutstanding": 56552644,
        "commonstockdividendspersharecashpaid": 1.36
    },
    {
        "date": "2018-03-30",
        "symbol": "GWW",
        "period": "Q1",
        "profitloss": 240785000,
        "othercomprehensiveincomeforeigncurrencytransactionandtranslationgainlossarisingduringperiodnetoftax": 23116000,
        "othercomprehensiveincomelossreclassificationadjustmentfromaocipensionandotherpostretirementbenefitplansnetoftax": -2439000,
        "othercomprehensiveincomelossderivativesqualifyingashedgesnetoftax": 5000,
        "comprehensiveincomenetoftaxincludingportionattributabletononcontrollinginterest": 261467000,
        "netincomelossattributabletononcontrollinginterest": 9250000,
        "othercomprehensiveincomeforeigncurrencytransactionandtranslationadjustmentnetoftaxportionattributabletononcontrollinginterest": 8360000,
        "comprehensiveincomenetoftax": 243857000,
        "othercomprehensiveincomelossreclassificationadjustmentfromaocipensionandotherpostretirementbenefitplanstax": 825000,
        "salesrevenuenet": 2107686000,
        "costofgoodsandservicessold": 1674642000,
        "grossprofit": 1091759000,
        "sellinggeneralandadministrativeexpense": 756929000,
        "operatingincomeloss": 356504000,
        "investmentincomeinterest": 628000,
        "interestexpense": 24665000,
        "incomelossfromequitymethodinvestments": -11497000,
        "othernonoperatingincome": 7698000,
        "nonoperatingincomeexpense": -27836000,
        "incomelossfromcontinuingoperationsbeforeincometaxesextraordinaryitemsnoncontrollinginterest": 306994000,
        "incometaxexpensebenefit": 66209000,
        "netincomeloss": 231535000,
        "earningspersharebasic": 4.09,
        "earningspersharediluted": 4.07,
        "weightedaveragenumberofsharesoutstandingbasic": 56062607,
        "weightedaveragenumberofdilutedsharesoutstanding": 56403246,
        "commonstockdividendspersharecashpaid": 1.28
    },
    {
        "date": "2017-12-30",
        "symbol": "GWW",
        "period": "Q4",
        "profitloss": 161815000,
        "othercomprehensiveincomeforeigncurrencytransactionandtranslationgainlossarisingduringperiodnetoftax": -7698000,
        "othercomprehensiveincomelossreclassificationadjustmentfromaocipensionandotherpostretirementbenefitplansnetoftax": 6381000,
        "comprehensiveincomenetoftaxincludingportionattributabletononcontrollinginterest": 160509000,
        "othercomprehensiveincomeforeigncurrencytransactionandtranslationadjustmentnetoftaxportionattributabletononcontrollinginterest": -661000,
        "comprehensiveincomenetoftax": 150414000,
        "othercomprehensiveincomelossreclassificationadjustmentfromaocipensionandotherpostretirementbenefitplanstax": 1702000,
        "salesrevenuenet": 558118000,
        "costofgoodsandservicessold": 1611232000,
        "grossprofit": 1021229000,
        "sellinggeneralandadministrativeexpense": 781290000,
        "operatingincomeloss": 11456000,
        "investmentincomeinterest": 1205000,
        "interestexpense": 21809000,
        "incomelossfromequitymethodinvestments": -12641000,
        "nonoperatingincomeexpense": -32482000,
        "incomelossfromcontinuingoperationsbeforeincometaxesextraordinaryitemsnoncontrollinginterest": 207457000,
        "incometaxexpensebenefit": 45642000,
        "netincomelossattributabletononcontrollinginterest": 10756000,
        "netincomeloss": 151059000,
        "earningspersharebasic": 2.630000000000001,
        "earningspersharediluted": 2.6199999999999988,
        "weightedaveragenumberofsharesoutstandingbasic": -58004971,
        "weightedaveragenumberofdilutedsharesoutstanding": -58279443
    },
    {
        "date": "2017-09-29",
        "symbol": "GWW",
        "period": "Q3",
        "profitloss": 170816000,
        "othercomprehensiveincomeforeigncurrencytransactionandtranslationgainlossarisingduringperiodnetoftax": 24563000,
        "othercomprehensiveincomedefinedbenefitplansnetunamortizedgainlossarisingduringperiodnetoftax": 46543000,
        "othercomprehensiveincomelossreclassificationadjustmentfromaocipensionandotherpostretirementbenefitplansnetoftax": -1540000,
        "othercomprehensiveincomelossderivativesqualifyingashedgesnetoftax": 1000,
        "comprehensiveincomenetoftaxincludingportionattributabletononcontrollinginterest": 240383000,
        "netincomelossattributabletononcontrollinginterest": 8810000,
        "othercomprehensiveincomeforeigncurrencytransactionandtranslationadjustmentnetoftaxportionattributabletononcontrollinginterest": -8000,
        "comprehensiveincomenetoftax": 231581000,
        "othercomprehensiveincomedefinedbenefitplansnetunamortizedgainlossarisingduringperiodtax": 29172000,
        "othercomprehensiveincomelossreclassificationadjustmentfromaocipensionandotherpostretirementbenefitplanstax": -962000,
        "salesrevenuenet": 535495000,
        "costofgoodsandservicessold": 1618819000,
        "grossprofit": 1017180000,
        "sellinggeneralandadministrativeexpense": 736010000,
        "operatingincomeloss": 26892000,
        "investmentincomeinterest": 707000,
        "interestexpense": 21765000,
        "incomelossfromequitymethodinvestments": -10635000,
        "othernonoperatingincomeexpense": 521000,
        "nonoperatingincomeexpense": -31172000,
        "incomelossfromcontinuingoperationsbeforeincometaxesextraordinaryitemsnoncontrollinginterest": 249998000,
        "incometaxexpensebenefit": 79182000,
        "netincomeloss": 162006000,
        "earningspersharebasic": 2.8,
        "earningspersharediluted": 2.79,
        "weightedaveragenumberofsharesoutstandingbasic": 57316532,
        "weightedaveragenumberofdilutedsharesoutstanding": 57521348,
        "commonstockdividendspersharecashpaid": 1.28
    },
    {
        "date": "2017-06-29",
        "symbol": "GWW",
        "period": "Q2",
        "profitloss": 106959000,
        "othercomprehensiveincomeforeigncurrencytransactionandtranslationgainlossarisingduringperiodnetoftax": 46543000,
        "othercomprehensiveincomelossreclassificationadjustmentfromaocipensionandotherpostretirementbenefitplansnetoftax": -1400000,
        "othercomprehensiveincomelossderivativesqualifyingashedgesnetoftax": 0,
        "comprehensiveincomenetoftaxincludingportionattributabletononcontrollinginterest": 152102000,
        "netincomelossattributabletononcontrollinginterest": 9038000,
        "othercomprehensiveincomeforeigncurrencytransactionandtranslationadjustmentnetoftaxportionattributabletononcontrollinginterest": -1186000,
        "comprehensiveincomenetoftax": 144250000,
        "othercomprehensiveincomelossreclassificationadjustmentfromaocipensionandotherpostretirementbenefitplanstax": -878000,
        "salesrevenuenet": -1519000000,
        "costofgoodsandservicessold": 1575313000,
        "grossprofit": 1039956000,
        "sellinggeneralandadministrativeexpense": 807891000,
        "operatingincomeloss": -278203000,
        "investmentincomeinterest": 465000,
        "interestexpense": 19905000,
        "incomelossfromequitymethodinvestments": -6121000,
        "nonoperatingincomeexpense": -24869000,
        "incomelossfromcontinuingoperationsbeforeincometaxesextraordinaryitemsnoncontrollinginterest": 207196000,
        "incometaxexpensebenefit": 100237000,
        "netincomeloss": 97921000,
        "earningspersharebasic": 1.6899999999999995,
        "earningspersharediluted": 1.6800000000000002,
        "weightedaveragenumberofsharesoutstandingbasic": -356650,
        "weightedaveragenumberofdilutedsharesoutstanding": -461620,
        "commonstockdividendspersharecashpaid": 1.28
    },
    {
        "date": "2017-03-30",
        "symbol": "GWW",
        "period": "Q1",
        "profitloss": 182853000,
        "othercomprehensiveincomeforeigncurrencytransactionandtranslationgainlossarisingduringperiodnetoftax": 29303000,
        "othercomprehensiveincomelossreclassificationadjustmentfromaocipensionandotherpostretirementbenefitplansnetoftax": -1398000,
        "othercomprehensiveincomelossderivativesqualifyingashedgesnetoftax": -12000,
        "comprehensiveincomenetoftaxincludingportionattributabletononcontrollinginterest": 210746000,
        "netincomelossattributabletononcontrollinginterest": 8109000,
        "othercomprehensiveincomeforeigncurrencytransactionandtranslationadjustmentnetoftaxportionattributabletononcontrollinginterest": 5532000,
        "comprehensiveincomenetoftax": 197105000,
        "othercomprehensiveincomelossreclassificationadjustmentfromaocipensionandotherpostretirementbenefitplanstax": -879000,
        "salesrevenuenet": 2541129000,
        "costofgoodsandservicessold": 1521937000,
        "grossprofit": 1019192000,
        "sellinggeneralandadministrativeexpense": 723704000,
        "operatingincomeloss": 295488000,
        "investmentincomeinterest": 193000,
        "interestexpense": 16979000,
        "incomelossfromequitymethodinvestments": -8374000,
        "othernonoperatingincome": 345000,
        "nonoperatingincomeexpense": -24815000,
        "incomelossfromcontinuingoperationsbeforeincometaxesextraordinaryitemsnoncontrollinginterest": 270673000,
        "incometaxexpensebenefit": 87820000,
        "netincomeloss": 174744000,
        "earningspersharebasic": 2.95,
        "earningspersharediluted": 2.93,
        "weightedaveragenumberofsharesoutstandingbasic": 58720066,
        "weightedaveragenumberofdilutedsharesoutstanding": 59202882,
        "commonstockdividendspersharecashpaid": 1.22
    },
    {
        "date": "2016-12-30",
        "symbol": "GWW",
        "period": "Q4",
        "profitloss": 68340000,
        "othercomprehensiveincomeforeigncurrencytransactionandtranslationgainlossarisingduringperiodnetoftax": -70438000,
        "othercomprehensiveincomelossreclassificationadjustmentfromaocipensionandotherpostretirementbenefitplansnetoftax": -1008000,
        "othercomprehensiveincomelossderivativesqualifyingashedgesnetoftax": 41000,
        "comprehensiveincomenetoftaxincludingportionattributabletononcontrollinginterest": -11484000,
        "othercomprehensiveincomeforeigncurrencytransactionandtranslationadjustmentnetoftaxportionattributabletononcontrollinginterest": -15715000,
        "comprehensiveincomenetoftax": -3443000,
        "salesrevenuenet": -957075000,
        "costofgoodsandservicessold": 1481017000,
        "grossprofit": 989693000,
        "sellinggeneralandadministrativeexpense": 815464000,
        "operatingincomeloss": -330967000,
        "investmentincomeinterest": 243000,
        "interestexpense": 17777000,
        "incomelossfromequitymethodinvestments": -9805000,
        "nonoperatingincomeexpense": -28920000,
        "incomelossfromcontinuingoperationsbeforeincometaxesextraordinaryitemsnoncontrollinginterest": 145309000,
        "incometaxexpensebenefit": 76969000,
        "netincomelossattributabletononcontrollinginterest": 7674000,
        "netincomeloss": 60666000,
        "earningspersharebasic": 1.0599999999999987,
        "earningspersharediluted": 1.0499999999999994,
        "weightedaveragenumberofsharesoutstandingbasic": -122145638,
        "weightedaveragenumberofdilutedsharesoutstanding": -122977567
    },
    {
        "date": "2016-09-29",
        "symbol": "GWW",
        "period": "Q3",
        "profitloss": 193409000,
        "othercomprehensiveincomeforeigncurrencytransactionandtranslationgainlossarisingduringperiodnetoftax": -12866000,
        "othercomprehensiveincomelossreclassificationadjustmentfromaocipensionandotherpostretirementbenefitplansnetoftax": -1008000,
        "othercomprehensiveincomelossderivativesqualifyingashedgesnetoftax": 188000,
        "comprehensiveincomenetoftaxincludingportionattributabletononcontrollinginterest": 179723000,
        "netincomelossattributabletononcontrollinginterest": 7536000,
        "othercomprehensiveincomeforeigncurrencytransactionandtranslationadjustmentnetoftaxportionattributabletononcontrollinginterest": 2188000,
        "comprehensiveincomenetoftax": 169999000,
        "othercomprehensiveincomelossreclassificationadjustmentfromaocipensionandotherpostretirementbenefitplanstax": -631000,
        "salesrevenuenet": 480955000,
        "costofgoodsandservicessold": 1556536000,
        "grossprofit": 1039752000,
        "sellinggeneralandadministrativeexpense": 717165000,
        "operatingincomeloss": 24835000,
        "investmentincomeinterest": 147000,
        "interestexpense": 18024000,
        "incomelossfromequitymethodinvestments": -10000000,
        "othernonoperatingincomeexpense": -1192000,
        "nonoperatingincomeexpense": -29402000,
        "incomelossfromcontinuingoperationsbeforeincometaxesextraordinaryitemsnoncontrollinginterest": 293185000,
        "incometaxexpensebenefit": 99776000,
        "netincomeloss": 185873000,
        "earningspersharebasic": 3.07,
        "earningspersharediluted": 3.05,
        "weightedaveragenumberofsharesoutstandingbasic": 60016550,
        "weightedaveragenumberofdilutedsharesoutstanding": 60416151,
        "commonstockdividendspersharecashpaid": 1.22
    },
    {
        "date": "2016-06-29",
        "symbol": "GWW",
        "period": "Q2",
        "profitloss": 179445000,
        "othercomprehensiveincomeforeigncurrencytransactionandtranslationgainlossarisingduringperiodnetoftax": -6915000,
        "othercomprehensiveincomelossreclassificationadjustmentfromaocipensionandotherpostretirementbenefitplansnetoftax": -1009000,
        "othercomprehensiveincomelossderivativesqualifyingashedgesnetoftax": 352000,
        "comprehensiveincomenetoftaxincludingportionattributabletononcontrollinginterest": 171873000,
        "netincomelossattributabletononcontrollinginterest": 6769000,
        "othercomprehensiveincomeforeigncurrencytransactionandtranslationadjustmentnetoftaxportionattributabletononcontrollinginterest": 8729000,
        "comprehensiveincomenetoftax": 156375000,
        "othercomprehensiveincomelossreclassificationadjustmentfromaocipensionandotherpostretirementbenefitplanstax": -631000,
        "salesrevenuenet": 473200000,
        "costofgoodsandservicessold": 1523609000,
        "grossprofit": 1040059000,
        "sellinggeneralandadministrativeexpense": 734470000,
        "operatingincomeloss": 29724000,
        "investmentincomeinterest": 162000,
        "interestexpense": 16806000,
        "incomelossfromequitymethodinvestments": -5000000,
        "othernonoperatingincomeexpense": -538000,
        "nonoperatingincomeexpense": -22609000,
        "incomelossfromcontinuingoperationsbeforeincometaxesextraordinaryitemsnoncontrollinginterest": 282980000,
        "incometaxexpensebenefit": 103535000,
        "netincomeloss": 172676000,
        "earningspersharebasic": 2.81,
        "earningspersharediluted": 2.79,
        "weightedaveragenumberofsharesoutstandingbasic": 60891298,
        "weightedaveragenumberofdilutedsharesoutstanding": 61301545,
        "commonstockdividendspersharecashpaid": 1.22
    },
    {
        "date": "2016-03-30",
        "symbol": "GWW",
        "period": "Q1",
        "profitloss": 191644000,
        "othercomprehensiveincomeforeigncurrencytransactionandtranslationgainlossarisingduringperiodnetoftax": 51490000,
        "othercomprehensiveincomelossreclassificationadjustmentfromaocipensionandotherpostretirementbenefitplansnetoftax": -1009000,
        "othercomprehensiveincomelossderivativesqualifyingashedgesnetoftax": 304000,
        "comprehensiveincomenetoftaxincludingportionattributabletononcontrollinginterest": 242429000,
        "netincomelossattributabletononcontrollinginterest": 4931000,
        "othercomprehensiveincomeforeigncurrencytransactionandtranslationadjustmentnetoftaxportionattributabletononcontrollinginterest": 5704000,
        "comprehensiveincomenetoftax": 231794000,
        "othercomprehensiveincomelossreclassificationadjustmentfromaocipensionandotherpostretirementbenefitplanstax": 631000,
        "salesrevenuenet": 1883768000,
        "costofgoodsandservicessold": 1461485000,
        "grossprofit": 1045053000,
        "sellinggeneralandadministrativeexpense": 727961000,
        "operatingincomeloss": 317092000,
        "investmentincomeinterest": 165000,
        "interestexpense": 13725000,
        "incomelossfromequitymethodinvestments": -6388000,
        "othernonoperatingincome": 694000,
        "othernonoperatingexpense": 254000,
        "nonoperatingincomeexpense": -19508000,
        "incomelossfromcontinuingoperationsbeforeincometaxesextraordinaryitemsnoncontrollinginterest": 297584000,
        "incometaxexpensebenefit": 105940000,
        "netincomeloss": 186713000,
        "earningspersharebasic": 3,
        "earningspersharediluted": 2.98,
        "weightedaveragenumberofsharesoutstandingbasic": 61668682,
        "weightedaveragenumberofdilutedsharesoutstanding": 62099801,
        "commonstockdividendspersharecashpaid": 1.17
    },
    {
        "date": "2015-12-30",
        "symbol": "GWW",
        "period": "Q4",
        "profitloss": 149171000,
        "othercomprehensiveincomeforeigncurrencytransactionandtranslationgainlossarisingduringperiodnetoftax": 124016000,
        "othercomprehensiveincomelossforeigncurrencytransactionandtranslationadjustmentnetoftax": -34080000,
        "othercomprehensiveincomelossreclassificationadjustmentfromaocipensionandotherpostretirementbenefitplansnetoftax": -810000,
        "othercomprehensiveincomelossderivativesqualifyingashedgesnetoftax": 317000,
        "comprehensiveincomenetoftaxincludingportionattributabletononcontrollinginterest": 145690000,
        "othercomprehensiveincomeforeigncurrencytransactionandtranslationadjustmentnetoftaxportionattributabletononcontrollinginterest": -250000,
        "comprehensiveincomenetoftax": 142001000,
        "othercomprehensiveincomelossreclassificationadjustmentfromaocipensionandotherpostretirementbenefitplanstax": 512000,
        "salesrevenuenet": 433374000,
        "costofgoodsandservicessold": 1475884000,
        "grossprofit": 1002374000,
        "sellinggeneralandadministrativeexpense": 750747000,
        "operatingincomeloss": 9107000,
        "investmentincomeinterest": 233000,
        "interestexpense": 13852000,
        "othernonoperatingincome": 152000,
        "othernonoperatingexpense": 1761000,
        "nonoperatingincomeexpense": -16694000,
        "incomelossfromcontinuingoperationsbeforeincometaxesextraordinaryitemsnoncontrollinginterest": 234933000,
        "incometaxexpensebenefit": 85762000,
        "netincomelossattributabletononcontrollinginterest": 3939000,
        "netincomeloss": 145232000,
        "earningspersharebasic": 2.3600000000000008,
        "earningspersharediluted": 2.3400000000000003,
        "weightedaveragenumberofsharesoutstandingbasic": -133444956,
        "weightedaveragenumberofdilutedsharesoutstanding": -134823516
    },
    {
        "date": "2015-09-29",
        "symbol": "GWW",
        "period": "Q3",
        "profitloss": 196622000,
        "othercomprehensiveincomeforeigncurrencytransactionandtranslationgainlossarisingduringperiodnetoftax": -53062000,
        "othercomprehensiveincomelossforeigncurrencytransactionandtranslationadjustmentnetoftax": -53062000,
        "othercomprehensiveincomelossreclassificationadjustmentfromaocipensionandotherpostretirementbenefitplansnetoftax": -813000,
        "othercomprehensiveincomelossderivativesqualifyingashedgesnetoftax": 256000,
        "comprehensiveincomenetoftaxincludingportionattributabletononcontrollinginterest": 143003000,
        "netincomelossattributabletononcontrollinginterest": 4421000,
        "othercomprehensiveincomeforeigncurrencytransactionandtranslationadjustmentnetoftaxportionattributabletononcontrollinginterest": 1521000,
        "comprehensiveincomenetoftax": 137061000,
        "othercomprehensiveincomelossreclassificationadjustmentfromaocipensionandotherpostretirementbenefitplanstax": 510000,
        "salesrevenuenet": 353694000,
        "costofgoodsandservicessold": 1471021000,
        "grossprofit": 1061879000,
        "sellinggeneralandadministrativeexpense": 721150000,
        "operatingincomeloss": 14260000,
        "investmentincomeinterest": 464000,
        "interestexpense": 13899000,
        "incomelossfromequitymethodinvestments": -5972000,
        "othernonoperatingincome": 225000,
        "othernonoperatingexpense": 2100000,
        "nonoperatingincomeexpense": -21282000,
        "incomelossfromcontinuingoperationsbeforeincometaxesextraordinaryitemsnoncontrollinginterest": 319447000,
        "incometaxexpensebenefit": 122825000,
        "netincomeloss": 192201000,
        "earningspersharebasic": 2.94,
        "earningspersharediluted": 2.92,
        "weightedaveragenumberofsharesoutstandingbasic": 64720037,
        "weightedaveragenumberofdilutedsharesoutstanding": 65289144,
        "commonstockdividendspersharecashpaid": 1.17
    },
    {
        "date": "2015-06-29",
        "symbol": "GWW",
        "period": "Q2",
        "profitloss": 225235000,
        "othercomprehensiveincomeforeigncurrencytransactionandtranslationgainlossarisingduringperiodnetoftax": 9061000,
        "othercomprehensiveincomelossforeigncurrencytransactionandtranslationadjustmentnetoftax": 9061000,
        "othercomprehensiveincomelossreclassificationadjustmentfromaocipensionandotherpostretirementbenefitplansnetoftax": -810000,
        "othercomprehensiveincomelossderivativesqualifyingashedgesnetoftax": 245000,
        "comprehensiveincomenetoftaxincludingportionattributabletononcontrollinginterest": 233731000,
        "netincomelossattributabletononcontrollinginterest": 4687000,
        "othercomprehensiveincomeforeigncurrencytransactionandtranslationadjustmentnetoftaxportionattributabletononcontrollinginterest": -1509000,
        "comprehensiveincomenetoftax": 230553000,
        "othercomprehensiveincomelossreclassificationadjustmentfromaocipensionandotherpostretirementbenefitplanstax": 512000,
        "salesrevenuenet": 317877000,
        "costofgoodsandservicessold": 1449133000,
        "grossprofit": 1073432000,
        "sellinggeneralandadministrativeexpense": 716715000,
        "operatingincomeloss": 15158000,
        "investmentincomeinterest": 277000,
        "interestexpense": 4184000,
        "incomelossfromequitymethodinvestments": -4302000,
        "othernonoperatingincome": 484000,
        "othernonoperatingexpense": 306000,
        "nonoperatingincomeexpense": -8031000,
        "incomelossfromcontinuingoperationsbeforeincometaxesextraordinaryitemsnoncontrollinginterest": 348686000,
        "incometaxexpensebenefit": 123451000,
        "netincomeloss": 220548000,
        "earningspersharebasic": 3.28,
        "earningspersharediluted": 3.25,
        "weightedaveragenumberofsharesoutstandingbasic": 66652130,
        "weightedaveragenumberofdilutedsharesoutstanding": 67317131,
        "commonstockdividendspersharecashpaid": 1.17
    },
    {
        "date": "2015-03-30",
        "symbol": "GWW",
        "period": "Q1",
        "profitloss": 214146000,
        "othercomprehensiveincomeforeigncurrencytransactionandtranslationgainlossarisingduringperiodnetoftax": -76015000,
        "othercomprehensiveincomelossforeigncurrencytransactionandtranslationadjustmentnetoftax": -76015000,
        "othercomprehensiveincomelossreclassificationadjustmentfromaocipensionandotherpostretirementbenefitplansnetoftax": -813000,
        "othercomprehensiveincomelossderivativesqualifyingashedgesnetoftax": 482000,
        "comprehensiveincomenetoftaxincludingportionattributabletononcontrollinginterest": 137800000,
        "netincomelossattributabletononcontrollinginterest": 3131000,
        "othercomprehensiveincomeforeigncurrencytransactionandtranslationadjustmentnetoftaxportionattributabletononcontrollinginterest": -294000,
        "comprehensiveincomenetoftax": 134963000,
        "othercomprehensiveincomelossreclassificationadjustmentfromaocipensionandotherpostretirementbenefitplanstax": 509000,
        "salesrevenuenet": 296903000,
        "costofgoodsandservicessold": 1345918000,
        "grossprofit": 1093743000,
        "sellinggeneralandadministrativeexpense": 742496000,
        "operatingincomeloss": 9526000,
        "investmentincomeinterest": 192000,
        "interestexpense": 1636000,
        "othernonoperatingincome": 241000,
        "othernonoperatingexpense": 2405000,
        "nonoperatingincomeexpense": -3608000,
        "incomelossfromcontinuingoperationsbeforeincometaxesextraordinaryitemsnoncontrollinginterest": 347639000,
        "incometaxexpensebenefit": 133493000,
        "netincomeloss": 211015000,
        "earningspersharebasic": 3.11,
        "earningspersharediluted": 3.07,
        "weightedaveragenumberofsharesoutstandingbasic": 67229653,
        "weightedaveragenumberofdilutedsharesoutstanding": 67982362,
        "commonstockdividendspersharecashpaid": 1.08
    },
    {
        "date": "2014-12-30",
        "symbol": "GWW",
        "period": "Q4",
        "profitloss": 151114000,
        "othercomprehensiveincomelossforeigncurrencytransactionandtranslationadjustmentnetoftax": -49726000,
        "comprehensiveincomenetoftaxincludingportionattributabletononcontrollinginterest": 72729000,
        "comprehensiveincomenetoftaxattributabletononcontrollinginterest": 5621000,
        "comprehensiveincomenetoftax": 76988000,
        "salesrevenuenet": 335131000,
        "costofgoodsandservicessold": 1456158000,
        "grossprofit": 1054801000,
        "sellinggeneralandadministrativeexpense": 788287000,
        "operatingincomeloss": 29255000,
        "investmentincomeinterest": 385000,
        "interestexpense": 2096000,
        "othernonoperatingincome": 52000,
        "othernonoperatingexpense": 3142000,
        "nonoperatingincomeexpense": -4801000,
        "incometaxexpensebenefit": 110599000,
        "netincomelossattributabletononcontrollinginterest": 2275000,
        "netincomeloss": 148839000,
        "earningspersharebasic": 2.1799999999999993,
        "earningspersharediluted": 2.1399999999999992,
        "weightedaveragenumberofsharesoutstandingbasic": -137114859,
        "weightedaveragenumberofdilutedsharesoutstanding": -138925524
    },
    {
        "date": "2014-09-29",
        "symbol": "GWW",
        "period": "Q3",
        "profitloss": 233050000,
        "othercomprehensiveincomelossforeigncurrencytransactionandtranslationadjustmentnetoftax": -73472000,
        "othercomprehensiveincomeunrealizedgainlossonderivativesarisingduringperiodnetoftax": 4547000,
        "othercomprehensiveincomeothernetoftax": -959000,
        "comprehensiveincomenetoftaxincludingportionattributabletononcontrollinginterest": 163166000,
        "comprehensiveincomenetoftaxattributabletononcontrollinginterest": -3648000,
        "comprehensiveincomenetoftax": 166814000,
        "othercomprehensiveincomelossforeigncurrencytranslationadjustmenttax": 2731000,
        "othercomprehensiveincomeunrealizedgainlossonderivativesarisingduringperiodtax": -2615000,
        "othercomprehensiveincomelosstax": 636000,
        "salesrevenuenet": 300760000,
        "costofgoodsandservicessold": 1459479000,
        "grossprofit": 1102784000,
        "sellinggeneralandadministrativeexpense": 717271000,
        "operatingincomeloss": 5162000,
        "investmentincomeinterest": 630000,
        "interestexpense": 2377000,
        "othernonoperatingincome": 87000,
        "othernonoperatingexpense": 1218000,
        "nonoperatingincomeexpense": -2878000,
        "incomelossfromcontinuingoperationsbeforeincometaxesminorityinterestandincomelossfromequitymethodinvestments": 382635000,
        "incometaxexpensebenefit": 149585000,
        "netincomelossattributabletononcontrollinginterest": 2728000,
        "netincomeloss": 230322000,
        "earningspersharebasic": 3.33,
        "earningspersharediluted": 3.3,
        "weightedaveragenumberofsharesoutstandingbasic": 68296018,
        "weightedaveragenumberofdilutedsharesoutstanding": 69111945,
        "commonstockdividendspersharecashpaid": 1.08
    },
    {
        "date": "2014-06-29",
        "symbol": "GWW",
        "period": "Q2",
        "profitloss": 209077000,
        "othercomprehensiveincomelossforeigncurrencytransactionandtranslationadjustmentnetoftax": 23295000,
        "othercomprehensiveincomeunrealizedgainlossonderivativesarisingduringperiodnetoftax": 3176000,
        "othercomprehensiveincomeothernetoftax": 6045000,
        "comprehensiveincomenetoftaxincludingportionattributabletononcontrollinginterest": 241593000,
        "comprehensiveincomenetoftaxattributabletononcontrollinginterest": 4713000,
        "comprehensiveincomenetoftax": 236880000,
        "othercomprehensiveincomelossforeigncurrencytranslationadjustmenttax": 2103000,
        "othercomprehensiveincomeunrealizedgainlossonderivativesarisingduringperiodtax": -1987000,
        "othercomprehensiveincomelosstax": -1692000,
        "salesrevenuenet": 264004000,
        "costofgoodsandservicessold": 1425418000,
        "grossprofit": 1080686000,
        "sellinggeneralandadministrativeexpense": 739935000,
        "operatingincomeloss": -43104000,
        "investmentincomeinterest": 413000,
        "interestexpense": 2757000,
        "othernonoperatingincome": 177000,
        "othernonoperatingexpense": 159000,
        "nonoperatingincomeexpense": -2326000,
        "incomelossfromcontinuingoperationsbeforeincometaxesminorityinterestandincomelossfromequitymethodinvestments": 338425000,
        "incometaxexpensebenefit": 129348000,
        "netincomelossattributabletononcontrollinginterest": 3162000,
        "netincomeloss": 205915000,
        "earningspersharebasic": 2.97,
        "earningspersharediluted": 2.94,
        "weightedaveragenumberofsharesoutstandingbasic": 68453602,
        "weightedaveragenumberofdilutedsharesoutstanding": 69341885,
        "commonstockdividendspersharecashpaid": 1.08
    },
    {
        "date": "2014-03-30",
        "symbol": "GWW",
        "period": "Q1",
        "profitloss": 219055000,
        "othercomprehensiveincomelossforeigncurrencytransactionandtranslationadjustmentnetoftax": -15120000,
        "othercomprehensiveincomeunrealizedgainlossonderivativesarisingduringperiodnetoftax": -3562000,
        "othercomprehensiveincomeothernetoftax": -1032000,
        "comprehensiveincomenetoftaxincludingportionattributabletononcontrollinginterest": 199341000,
        "comprehensiveincomenetoftaxattributabletononcontrollinginterest": 3881000,
        "comprehensiveincomenetoftax": 195460000,
        "othercomprehensiveincomelossforeigncurrencytranslationadjustmenttax": -2028000,
        "othercomprehensiveincomeunrealizedgainlossonderivativesarisingduringperiodtax": 2242000,
        "othercomprehensiveincomelosstax": 641000,
        "salesrevenuenet": 274932000,
        "costofgoodsandservicessold": 1309656000,
        "grossprofit": 1075971000,
        "sellinggeneralandadministrativeexpense": 721632000,
        "operatingincomeloss": -29119000,
        "investmentincomeinterest": 640000,
        "interestexpense": 2863000,
        "othernonoperatingincome": 167000,
        "othernonoperatingexpense": 670000,
        "nonoperatingincomeexpense": -2726000,
        "incomelossfromcontinuingoperationsbeforeincometaxesminorityinterestandincomelossfromequitymethodinvestments": 351613000,
        "incometaxexpensebenefit": 132558000,
        "netincomelossattributabletononcontrollinginterest": 2402000,
        "netincomeloss": 216653000,
        "earningspersharebasic": 3.11,
        "earningspersharediluted": 3.07,
        "weightedaveragenumberofsharesoutstandingbasic": 68699561,
        "weightedaveragenumberofdilutedsharesoutstanding": 69677438,
        "commonstockdividendspersharecashpaid": 0.93
    },
    {
        "date": "2013-12-30",
        "symbol": "GWW",
        "period": "Q4",
        "profitloss": 159394000,
        "othercomprehensiveincomelossforeigncurrencytransactionandtranslationadjustmentnetoftax": -30012000,
        "comprehensiveincomenetoftaxincludingportionattributabletononcontrollinginterest": 164804000,
        "comprehensiveincomenetoftaxattributabletononcontrollinginterest": 13017000,
        "comprehensiveincomenetoftax": 167409000,
        "othercomprehensiveincomelossforeigncurrencytranslationadjustmenttax": 1752000,
        "salesrevenuenet": 874881000,
        "costofgoodsandservicessold": 1370835000,
        "grossprofit": 1006397000,
        "sellinggeneralandadministrativeexpense": 749635000,
        "operatingincomeloss": -466107000,
        "investmentincomeinterest": 718000,
        "interestexpense": 3124000,
        "othernonoperatingincome": 205000,
        "othernonoperatingexpense": 267000,
        "nonoperatingincomeexpense": -2468000,
        "incometaxexpensebenefit": 94900000,
        "netincomelossattributabletononcontrollinginterest": 2645000,
        "netincomeloss": 156749000,
        "earningspersharebasic": 2.25,
        "earningspersharediluted": 2.2100000000000004,
        "weightedaveragenumberofsharesoutstandingbasic": -139232637,
        "weightedaveragenumberofdilutedsharesoutstanding": -141546303
    },
    {
        "date": "2013-09-29",
        "symbol": "GWW",
        "period": "Q3",
        "profitloss": 213075000,
        "othercomprehensiveincomelossforeigncurrencytransactionandtranslationadjustmentnetoftax": 21559000,
        "othercomprehensiveincomeunrealizedgainlossonderivativesarisingduringperiodnetoftax": -2198000,
        "othercomprehensiveincomeothernetoftax": -765000,
        "comprehensiveincomenetoftaxincludingportionattributabletononcontrollinginterest": 231671000,
        "comprehensiveincomenetoftaxattributabletononcontrollinginterest": 2995000,
        "comprehensiveincomenetoftax": 228676000,
        "othercomprehensiveincomelossforeigncurrencytranslationadjustmenttax": -1191000,
        "othercomprehensiveincomeunrealizedgainlossonderivativesarisingduringperiodtax": 1289000,
        "othercomprehensiveincomelosstax": 361000,
        "salesrevenuenet": -288000,
        "costofgoodsandservicessold": 1347164000,
        "grossprofit": 1051366000,
        "sellinggeneralandadministrativeexpense": 704651000,
        "operatingincomeloss": -33685000,
        "investmentincomeinterest": 822000,
        "interestexpense": 3734000,
        "othernonoperatingincome": 381000,
        "othernonoperatingexpense": 323000,
        "nonoperatingincomeexpense": -2854000,
        "incomelossfromcontinuingoperationsbeforeincometaxesminorityinterestandincomelossfromequitymethodinvestments": 343861000,
        "incometaxexpensebenefit": 130786000,
        "netincomelossattributabletononcontrollinginterest": 2286000,
        "netincomeloss": 210789000,
        "earningspersharebasic": 2.99,
        "earningspersharediluted": 2.95,
        "weightedaveragenumberofsharesoutstandingbasic": 69461060,
        "weightedaveragenumberofdilutedsharesoutstanding": 70547071,
        "commonstockdividendspersharecashpaid": 0.93
    },
    {
        "date": "2013-06-29",
        "symbol": "GWW",
        "period": "Q2",
        "profitloss": 220753000,
        "othercomprehensiveincomelossforeigncurrencytransactionandtranslationadjustmentnetoftax": -38689000,
        "othercomprehensiveincomeunrealizedgainlossonderivativesarisingduringperiodnetoftax": 3657000,
        "othercomprehensiveincomeothernetoftax": -775000,
        "comprehensiveincomenetoftaxincludingportionattributabletononcontrollinginterest": 184946000,
        "comprehensiveincomenetoftaxattributabletononcontrollinginterest": -1221000,
        "comprehensiveincomenetoftax": 186167000,
        "othercomprehensiveincomelossforeigncurrencytranslationadjustmenttax": 1988000,
        "othercomprehensiveincomeunrealizedgainlossonderivativesarisingduringperiodtax": -1862000,
        "othercomprehensiveincomelosstax": 430000,
        "salesrevenuenet": -31135000,
        "costofgoodsandservicessold": 1334577000,
        "grossprofit": 1046984000,
        "sellinggeneralandadministrativeexpense": 696912000,
        "operatingincomeloss": 12799000,
        "investmentincomeinterest": 796000,
        "interestexpense": 3201000,
        "othernonoperatingincome": 164000,
        "othernonoperatingexpense": 311000,
        "nonoperatingincomeexpense": -2552000,
        "incomelossfromcontinuingoperationsbeforeincometaxesminorityinterestandincomelossfromequitymethodinvestments": 347520000,
        "incometaxexpensebenefit": 126767000,
        "netincomelossattributabletononcontrollinginterest": 3093000,
        "netincomeloss": 217660000,
        "earningspersharebasic": 3.08,
        "earningspersharediluted": 3.03,
        "weightedaveragenumberofsharesoutstandingbasic": 69664697,
        "weightedaveragenumberofdilutedsharesoutstanding": 70801050,
        "commonstockdividendspersharecashpaid": 0.93
    },
    {
        "date": "2013-03-30",
        "symbol": "GWW",
        "period": "Q1",
        "profitloss": 214527000,
        "othercomprehensiveincomelossforeigncurrencytransactionandtranslationadjustmentnetoftax": -31111000,
        "othercomprehensiveincomeunrealizedgainlossonderivativesarisingduringperiodnetoftax": 2378000,
        "othercomprehensiveincomeothernetoftax": 248000,
        "comprehensiveincomenetoftaxincludingportionattributabletononcontrollinginterest": 186042000,
        "comprehensiveincomenetoftaxattributabletononcontrollinginterest": -4078000,
        "comprehensiveincomenetoftax": 190120000,
        "othercomprehensiveincomelossforeigncurrencytranslationadjustmenttax": 1529000,
        "othercomprehensiveincomeunrealizedgainlossonderivativesarisingduringperiodtax": -1132000,
        "salesrevenuenet": 283101000,
        "costofgoodsandservicessold": 1248699000,
        "grossprofit": 1031736000,
        "sellinggeneralandadministrativeexpense": 688431000,
        "operatingincomeloss": 343305000,
        "investmentincomeinterest": 898000,
        "interestexpense": 3166000,
        "othernonoperatingincome": 1982000,
        "othernonoperatingexpense": 1095000,
        "nonoperatingincomeexpense": -1381000,
        "earningsbeforeincometaxes": 341924000,
        "incometaxexpensebenefit": 127397000,
        "netincomelossattributabletononcontrollinginterest": 2689000,
        "netincomeloss": 211838000,
        "earningspersharebasic": 2.99,
        "earningspersharediluted": 2.94,
        "weightedaveragenumberofsharesoutstandingbasic": 69562387,
        "weightedaveragenumberofdilutedsharesoutstanding": 70774614,
        "commonstockdividendspersharecashpaid": 0.8
    },
    {
        "date": "2012-12-30",
        "symbol": "GWW",
        "period": "Q4",
        "profitloss": 149518000,
        "comprehensiveincomenetoftaxincludingportionattributabletononcontrollinginterest": 211593000,
        "comprehensiveincomenetoftaxattributabletononcontrollinginterest": 2346000,
        "comprehensiveincomenetoftax": 218113000,
        "salesrevenuenet": 329020000,
        "costofgoodsandservicessold": 1256595000,
        "grossprofit": 969525000,
        "sellinggeneralandadministrativeexpense": 711087000,
        "operatingincomeloss": 258438000,
        "investmentincomeinterest": 756000,
        "interestexpense": 5360000,
        "othernonoperatingincome": 168000,
        "othernonoperatingexpense": 175000,
        "nonoperatingincomeexpense": -4611000,
        "earningsbeforeincometaxes": 253827000,
        "incometaxexpensebenefit": 95341000,
        "netincomelossattributabletononcontrollinginterest": 2219000,
        "netincomeloss": 156267000,
        "earningspersharebasic": 2.2100000000000017,
        "earningspersharediluted": 2.1699999999999995,
        "weightedaveragenumberofsharesoutstandingbasic": -139883062,
        "weightedaveragenumberofdilutedsharesoutstanding": -142742213,
        "commonstockdividendspersharecashpaid": 0.7999999999999997
    },
    {
        "date": "2012-09-29",
        "symbol": "GWW",
        "period": "Q3",
        "profitloss": 157804000,
        "othercomprehensiveincomelossforeigncurrencytransactionandtranslationadjustmentnetoftax": 29168000,
        "othercomprehensiveincomeunrealizedgainlossonderivativesarisingduringperiodnetoftax": -3607000,
        "comprehensiveincomenetoftaxincludingportionattributabletononcontrollinginterest": 183365000,
        "comprehensiveincomenetoftaxattributabletononcontrollinginterest": 1421000,
        "comprehensiveincomenetoftax": 181944000,
        "othercomprehensiveincomelossforeigncurrencytranslationadjustmenttax": -2029000,
        "othercomprehensiveincomeunrealizedgainlossonderivativesarisingduringperiodtax": 1889000,
        "salesrevenuenet": 254617000,
        "costofgoodsandservicessold": 1287245000,
        "grossprofit": 993960000,
        "sellinggeneralandadministrativeexpense": 739634000,
        "operatingincomeloss": 254326000,
        "investmentincomeinterest": 707000,
        "interestexpense": 4751000,
        "othernonoperatingincome": 830000,
        "othernonoperatingexpense": 392000,
        "nonoperatingincomeexpense": -3606000,
        "earningsbeforeincometaxes": 250720000,
        "incometaxexpensebenefit": 92916000,
        "netincomelossattributabletononcontrollinginterest": 2410000,
        "netincomeloss": 155394000,
        "earningspersharebasic": 2.19,
        "earningspersharediluted": 2.15,
        "weightedaveragenumberofsharesoutstandingbasic": 69625081,
        "weightedaveragenumberofdilutedsharesoutstanding": 70960547,
        "commonstockdividendspersharecashpaid": 0.8
    },
    {
        "date": "2012-06-29",
        "symbol": "GWW",
        "period": "Q2",
        "profitloss": 193101000,
        "othercomprehensiveincomelossforeigncurrencytransactionandtranslationadjustmentnetoftax": -20714000,
        "othercomprehensiveincomeunrealizedgainlossonderivativesarisingduringperiodnetoftax": 386000,
        "comprehensiveincomenetoftaxincludingportionattributabletononcontrollinginterest": 172773000,
        "comprehensiveincomenetoftaxattributabletononcontrollinginterest": 8307000,
        "comprehensiveincomenetoftax": 164466000,
        "othercomprehensiveincomelossforeigncurrencytranslationadjustmenttax": 1146000,
        "othercomprehensiveincomeunrealizedgainlossonderivativesarisingduringperiodtax": -816000,
        "salesrevenuenet": 248934000,
        "costofgoodsandservicessold": 1270932000,
        "grossprofit": 978343000,
        "sellinggeneralandadministrativeexpense": 664343000,
        "operatingincomeloss": 314000000,
        "investmentincomeinterest": 602000,
        "interestexpense": 2910000,
        "othernonoperatingincome": 156000,
        "othernonoperatingexpense": 1119000,
        "nonoperatingincomeexpense": -3271000,
        "earningsbeforeincometaxes": 310729000,
        "incometaxexpensebenefit": 117628000,
        "netincomelossattributabletononcontrollinginterest": 2397000,
        "netincomeloss": 190704000,
        "earningspersharebasic": 2.68,
        "earningspersharediluted": 2.63,
        "weightedaveragenumberofsharesoutstandingbasic": 69937085,
        "weightedaveragenumberofdilutedsharesoutstanding": 71307640,
        "commonstockdividendspersharecashpaid": 0.8
    },
    {
        "date": "2012-03-30",
        "symbol": "GWW",
        "period": "Q1",
        "profitloss": 189458000,
        "othercomprehensiveincomeforeigncurrencytransactionandtranslationadjustmentnetoftaxperiodincreasedecrease": 16830000,
        "othercomprehensiveincomeunrealizedgainlossonderivativesarisingduringperiodnetoftax": -1720000,
        "comprehensiveincomenetoftaxincludingportionattributabletononcontrollinginterest": 204568000,
        "comprehensiveincomenetoftaxattributabletononcontrollinginterest": -3106000,
        "comprehensiveincomenetoftax": 207674000,
        "othercomprehensiveincomeforeigncurrencytranslationadjustmenttax": -1312000,
        "othercomprehensiveincomeunrealizedgainlossonderivativesarisingduringperiodtax": 600000,
        "salesrevenuenet": 272848000,
        "costofgoodsandservicessold": 1219113000,
        "grossprofit": 974332000,
        "sellinggeneralandadministrativeexpense": 669971000,
        "operatingincomeloss": 304361000,
        "investmentincomeinterest": 595000,
        "interestexpense": 3057000,
        "othernonoperatingincome": 712000,
        "othernonoperatingexpense": 98000,
        "nonoperatingincomeexpense": -1848000,
        "earningsbeforeincometaxes": 302513000,
        "incometaxexpensebenefit": 113055000,
        "netincomelossattributabletononcontrollinginterest": 1942000,
        "netincomeloss": 187516000,
        "earningspersharebasic": 2.63,
        "earningspersharediluted": 2.57,
        "weightedaveragenumberofsharesoutstandingbasic": 70132777,
        "weightedaveragenumberofdilutedsharesoutstanding": 71655759,
        "commonstockdividendspersharecashpaid": 0.66
    },
    {
        "date": "2011-12-30",
        "symbol": "GWW",
        "period": "Q4",
        "profitloss": -506715000,
        "othercomprehensiveincomeforeigncurrencytransactionandtranslationadjustmentnetoftaxperiodincreasedecrease": 9215000,
        "comprehensiveincomenetoftaxincludingportionattributabletononcontrollinginterest": 126260000,
        "comprehensiveincomenetoftaxattributabletononcontrollinginterest": -2267000,
        "comprehensiveincomenetoftax": 122986000,
        "othercomprehensiveincomeforeigncurrencytranslationadjustmenttax": -1769000,
        "salesrevenuenet": 370679000,
        "costofgoodsandservicessold": 1171119000,
        "grossprofit": 905785000,
        "sellinggeneralandadministrativeexpense": 684292000,
        "operatingincomeloss": 221493000,
        "investmentincomeinterest": 508000,
        "interestexpense": 2654000,
        "incomelossfromequitymethodinvestments": 53000,
        "othernonoperatingincome": 77000,
        "othernonoperatingexpense": 1038000,
        "nonoperatingincomeexpense": 4585000,
        "earningsbeforeincometaxes": 226078000,
        "incometaxexpensebenefit": 74370000,
        "netincomelossattributabletononcontrollinginterest": 3224000,
        "netincomeloss": 148484000,
        "earningspersharebasic": 2.0799999999999987,
        "earningspersharediluted": 2.0400000000000005,
        "weightedaveragenumberofsharesoutstandingbasic": -139167374,
        "weightedaveragenumberofdilutedsharesoutstanding": -142133888,
        "commonstockdividendspersharecashpaid": 0.6599999999999997
    },
    {
        "date": "2011-09-29",
        "symbol": "GWW",
        "period": "Q3",
        "profitloss": 184047000,
        "othercomprehensiveincomeforeigncurrencytransactionandtranslationadjustmentnetoftaxperiodincreasedecrease": -72558000,
        "othercomprehensiveincomeunrealizedgainlossonderivativesarisingduringperiodnetoftax": 6207000,
        "comprehensiveincomenetoftaxincludingportionattributabletononcontrollinginterest": 117696000,
        "comprehensiveincomenetoftaxattributabletononcontrollinginterest": 4629000,
        "comprehensiveincomenetoftax": 113067000,
        "othercomprehensiveincomeforeigncurrencytranslationadjustmenttax": 5303000,
        "othercomprehensiveincomeunrealizedgainlossonderivativesarisingduringperiodtax": -3936000,
        "salesrevenuenet": 248354000,
        "costofgoodsandservicessold": 1201648000,
        "grossprofit": 912999000,
        "sellinggeneralandadministrativeexpense": 609959000,
        "operatingincomeloss": 303040000,
        "investmentincomeinterest": 553000,
        "interestexpense": 2579000,
        "incomelossfromequitymethodinvestments": 129000,
        "othernonoperatingincome": 102000,
        "othernonoperatingexpense": 786000,
        "nonoperatingincomeexpense": -2581000,
        "earningsbeforeincometaxes": 300459000,
        "incometaxexpensebenefit": 116412000,
        "netincomelossattributabletononcontrollinginterest": 1926000,
        "netincomeloss": 182121000,
        "earningspersharebasic": 2.56,
        "earningspersharediluted": 2.51,
        "weightedaveragenumberofsharesoutstandingbasic": 69846233,
        "weightedaveragenumberofdilutedsharesoutstanding": 71280405,
        "commonstockdividendspersharecashpaid": 0.66
    },
    {
        "date": "2011-06-29",
        "symbol": "GWW",
        "period": "Q2",
        "othercomprehensiveincomeforeigncurrencytranslationadjustmenttax": -412000,
        "othercomprehensiveincomeunrealizedgainlossonderivativesarisingduringperiodtax": 492000,
        "profitloss": 171569000,
        "othercomprehensiveincomeforeigncurrencytransactionandtranslationadjustmentnetoftaxperiodincreasedecrease": 12236000,
        "othercomprehensiveincomeunrealizedgainlossonderivativesarisingduringperiodnetoftax": -776000,
        "comprehensiveincomenetoftaxincludingportionattributabletononcontrollinginterest": 183029000,
        "comprehensiveincomenetoftaxattributabletononcontrollinginterest": 4472000,
        "comprehensiveincomenetoftax": 178557000,
        "salesrevenuenet": 256886000,
        "costofgoodsandservicessold": 1140628000,
        "grossprofit": 862394000,
        "sellinggeneralandadministrativeexpense": 597112000,
        "operatingincomeloss": 265282000,
        "investmentincomeinterest": 527000,
        "interestexpense": 1980000,
        "incomelossfromequitymethodinvestments": 32000,
        "othernonoperatingincome": 383000,
        "othernonoperatingexpense": 418000,
        "nonoperatingincomeexpense": -1456000,
        "earningsbeforeincometaxes": 263826000,
        "incometaxexpensebenefit": 92257000,
        "netincomelossattributabletononcontrollinginterest": 1684000,
        "netincomeloss": 169885000,
        "earningspersharebasic": 2.39,
        "earningspersharediluted": 2.34,
        "weightedaveragenumberofsharesoutstandingbasic": 69608563,
        "weightedaveragenumberofdilutedsharesoutstanding": 71122909,
        "commonstockdividendspersharecashpaid": 0.66
    },
    {
        "date": "2011-03-30",
        "symbol": "GWW",
        "period": "Q1",
        "othercomprehensiveincomeforeigncurrencytranslationadjustmenttax": -1797000,
        "othercomprehensiveincomeunrealizedgainlossonderivativesarisingduringperiodtax": 1403000,
        "profitloss": 159088000,
        "othercomprehensiveincomeforeigncurrencytransactionandtranslationadjustmentnetoftaxperiodincreasedecrease": 14990000,
        "othercomprehensiveincomeunrealizedgainlossonderivativesarisingduringperiodnetoftax": -2213000,
        "comprehensiveincomenetoftaxincludingportionattributabletononcontrollinginterest": 171865000,
        "comprehensiveincomenetoftaxattributabletononcontrollinginterest": 1155000,
        "othercomprehensiveincomeforeigncurrencytransactionandtranslationadjustmentnetoftaxportionattributabletononcontrollinginterest": -1414000,
        "comprehensiveincomenetoftax": 172124000,
        "salesrevenuenet": 116741000,
        "costofgoodsandservicessold": 1053998000,
        "grossprofit": 829614000,
        "sellinggeneralandadministrativeexpense": 567000000,
        "operatingincomeloss": 262614000,
        "investmentincomeinterest": 480000,
        "interestexpense": 1878000,
        "incomelossfromequitymethodinvestments": 100000,
        "othernonoperatingincome": 147000,
        "othernonoperatingexpense": 299000,
        "nonoperatingincomeexpense": -1450000,
        "earningsbeforeincometaxes": 261164000,
        "incometaxexpensebenefit": 102076000,
        "netincomelossattributabletononcontrollinginterest": 1155000,
        "netincomeloss": 157933000,
        "earningspersharebasic": 2.23,
        "earningspersharediluted": 2.18,
        "weightedaveragenumberofsharesoutstandingbasic": 69403432,
        "weightedaveragenumberofdilutedsharesoutstanding": 70906732,
        "commonstockdividendspersharecashpaid": 0.54
    },
    {
        "date": "2010-12-30",
        "symbol": "GWW",
        "period": "Q4",
        "othercomprehensiveincomeforeigncurrencytranslationadjustmenttax": -2190000,
        "profitloss": -377664000,
        "othercomprehensiveincomeforeigncurrencytransactionandtranslationadjustmentnetoftaxperiodincreasedecrease": 18983000,
        "comprehensiveincomenetoftaxincludingportionattributabletononcontrollinginterest": 145023000,
        "comprehensiveincomenetoftaxattributabletononcontrollinginterest": 1479000,
        "othercomprehensiveincomeforeigncurrencytransactionandtranslationadjustmentnetoftaxportionattributabletononcontrollinginterest": 857000,
        "comprehensiveincomenetoftax": 142623000,
        "salesrevenuenet": -2869827000,
        "costofgoodsandservicessold": 1063564000,
        "grossprofit": 763132000,
        "sellinggeneralandadministrativeexpense": 551730000,
        "operatingincomeloss": 211402000,
        "investmentincomeinterest": 370000,
        "interestexpense": 1983000,
        "incomelossfromequitymethodinvestments": 75000,
        "othernonoperatingincome": 365000,
        "othernonoperatingexpense": 81000,
        "nonoperatingincomeexpense": -1254000,
        "earningsbeforeincometaxes": 210148000,
        "incometaxexpensebenefit": 76947000,
        "netincomelossattributabletononcontrollinginterest": 991000,
        "netincomeloss": 132210000,
        "earningspersharebasic": 1.8499999999999994,
        "earningspersharediluted": 1.8299999999999992,
        "weightedaveragenumberofsharesoutstandingbasic": -143355513,
        "weightedaveragenumberofdilutedsharesoutstanding": -145815310
    },
    {
        "date": "2010-09-29",
        "symbol": "GWW",
        "period": "Q3",
        "othercomprehensiveincomeforeigncurrencytranslationadjustmenttax": -1726000,
        "profitloss": 151297000,
        "othercomprehensiveincomeforeigncurrencytransactionandtranslationadjustmentnetoftaxperiodincreasedecrease": 25704000,
        "comprehensiveincomenetoftaxincludingportionattributabletononcontrollinginterest": 177001000,
        "comprehensiveincomenetoftaxattributabletononcontrollinginterest": 892000,
        "othercomprehensiveincomeforeigncurrencytransactionandtranslationadjustmentnetoftaxportionattributabletononcontrollinginterest": 4149000,
        "comprehensiveincomenetoftax": 171960000,
        "salesrevenuenet": 101511000,
        "costofgoodsandservicessold": 1109688000,
        "grossprofit": 789724000,
        "sellinggeneralandadministrativeexpense": 538451000,
        "operatingincomeloss": 251273000,
        "investmentincomeinterest": 324000,
        "interestexpense": 1954000,
        "incomelossfromequitymethodinvestments": -6000,
        "othernonoperatingincome": 277000,
        "othernonoperatingexpense": 70000,
        "nonoperatingincomeexpense": -1429000,
        "earningsbeforeincometaxes": 249844000,
        "incometaxexpensebenefit": 98547000,
        "netincomelossattributabletononcontrollinginterest": 892000,
        "netincomeloss": 150405000,
        "earningspersharebasic": 2.1,
        "earningspersharediluted": 2.06,
        "weightedaveragenumberofsharesoutstandingbasic": 69923864,
        "weightedaveragenumberofdilutedsharesoutstanding": 71168281,
        "commonstockdividendspersharecashpaid": 0.54
    },
    {
        "date": "2010-06-29",
        "symbol": "GWW",
        "period": "Q2",
        "othercomprehensiveincomeforeigncurrencytranslationadjustmenttax": 2813000,
        "profitloss": 129667000,
        "othercomprehensiveincomeforeigncurrencytransactionandtranslationadjustmentnetoftaxperiodincreasedecrease": -17113000,
        "comprehensiveincomenetoftaxincludingportionattributabletononcontrollinginterest": 112554000,
        "comprehensiveincomenetoftaxattributabletononcontrollinginterest": 590000,
        "othercomprehensiveincomeforeigncurrencytransactionandtranslationadjustmentnetoftaxportionattributabletononcontrollinginterest": 3430000,
        "comprehensiveincomenetoftax": 108534000,
        "salesrevenuenet": 1485160000,
        "costofgoodsandservicessold": 1036610000,
        "grossprofit": 747086000,
        "sellinggeneralandadministrativeexpense": 532171000,
        "operatingincomeloss": 214915000,
        "investmentincomeinterest": 280000,
        "interestexpense": 2220000,
        "incomelossfromequitymethodinvestments": -171000,
        "othernonoperatingincome": 539000,
        "othernonoperatingexpense": 547000,
        "nonoperatingincomeexpense": -2119000,
        "earningsbeforeincometaxes": 212796000,
        "incometaxexpensebenefit": 83129000,
        "netincomelossattributabletononcontrollinginterest": 590000,
        "netincomeloss": 129077000,
        "earningspersharebasic": 1.76,
        "earningspersharediluted": 1.73,
        "weightedaveragenumberofsharesoutstandingbasic": 71691961,
        "weightedaveragenumberofdilutedsharesoutstanding": 72931206,
        "commonstockdividendspersharecashpaid": 0.54
    },
    {
        "date": "2010-03-30",
        "symbol": "GWW",
        "period": "Q1",
        "othercomprehensiveincomeforeigncurrencytranslationadjustmenttax": -2294000,
        "profitloss": 99417000,
        "othercomprehensiveincomeforeigncurrencytransactionandtranslationadjustmentnetoftaxperiodincreasedecrease": 18876000,
        "comprehensiveincomenetoftaxincludingportionattributabletononcontrollinginterest": 118293000,
        "comprehensiveincomenetoftaxattributabletononcontrollinginterest": -244000,
        "othercomprehensiveincomeforeigncurrencytransactionandtranslationadjustmentnetoftaxportionattributabletononcontrollinginterest": 276000,
        "comprehensiveincomenetoftax": 118325000,
        "salesrevenuenet": 1672354000,
        "costofgoodsandservicessold": 966612000,
        "grossprofit": 705742000,
        "sellinggeneralandadministrativeexpense": 522857000,
        "operatingincomeloss": 182885000,
        "investmentincomeinterest": 241000,
        "interestexpense": 2030000,
        "incomelossfromequitymethodinvestments": -80000,
        "othernonoperatingincome": 427000,
        "othernonoperatingexpense": 453000,
        "nonoperatingincomeexpense": -1895000,
        "earningsbeforeincometaxes": 180990000,
        "incometaxexpensebenefit": 81573000,
        "netincomelossattributabletononcontrollinginterest": 244000,
        "netincomeloss": 99173000,
        "earningspersharebasic": 1.34,
        "earningspersharediluted": 1.31,
        "weightedaveragenumberofsharesoutstandingbasic": 72576633,
        "weightedaveragenumberofdilutedsharesoutstanding": 73854681,
        "commonstockdividendspersharecashpaid": 0.46
    },
    {
        "date": "2009-09-29",
        "symbol": "GWW",
        "period": "Q3",
        "othercomprehensiveincomeforeigncurrencytranslationadjustmenttaxportionattributabletoparent": -4611000,
        "netincomeloss": 144564000,
        "othercomprehensiveincomeforeigncurrencytransactionandtranslationadjustmentnetoftaxportionattributabletoparent": 27925000,
        "comprehensiveincomenetoftaxincludingportionattributabletononcontrollinginterest": 172489000,
        "comprehensiveincomenetoftaxattributabletononcontrollinginterest": -774000,
        "comprehensiveincomenetoftax": 171715000,
        "salesrevenuenet": 1589665000,
        "costofgoodsandservicessold": 929720000,
        "grossprofit": 659945000,
        "sellinggeneralandadministrativeexpense": 473225000,
        "operatingincomeloss": 186720000,
        "investmentincomeinterest": 374000,
        "interestexpense": 2198000,
        "incomelossfromequitymethodinvestments": 578000,
        "businesscombinationstepacquisitionequityinterestinacquireeremeasurementgainorloss": 47420000,
        "othernonoperatingincome": 602000,
        "othernonoperatingexpense": 76000,
        "nonoperatingincomeexpense": 46700000,
        "earningsbeforeincometaxes": 233420000,
        "incometaxexpensebenefit": 88856000,
        "earningspersharebasic": 1.91,
        "earningspersharediluted": 1.88,
        "weightedaveragenumberofsharesoutstandingbasic": 74047973,
        "weightedaveragenumberofdilutedsharesoutstanding": 75202845,
        "commonstockdividendspersharecashpaid": 0.46
    }
]