[
    {
        "date": "2024-09-29",
        "symbol": "EXR",
        "period": "Q3",
        "leaseincome": 710874000,
        "directpremiumsearned": 84048000,
        "revenuefromcontractwithcustomerexcludingassessedtax": 29882000,
        "revenues": 794922000,
        "costofrevenue": 209035000,
        "tenantreinsuranceexpense": 17510000,
        "generalandadministrativeexpense": 39750000,
        "depreciationdepletionandamortization": 195046000,
        "costsandexpenses": 226545000,
        "gainslossesonrealestatetransactionsandearnoutfromprioracquisitionandsaleofotherassets": -8961000,
        "gainlossonimpairmentofintangibleassetindefinitelived": -51763000,
        "operatingincomeloss": 568377000,
        "interestexpenseexcludingamortizationofdebtdiscountpremium": 142855000,
        "amortizationofdebtdiscountpremium": 11005000,
        "investmentincomeinterest": 34947000,
        "incomelossfromcontinuingoperationsbeforeincometaxesminorityinterestandincomelossfromequitymethodinvestments": 183826000,
        "incomelossfromequitymethodinvestments": 16246000,
        "equitymethodinvestmentsgainlossonsaleofrealestateassetsandpurchaseofjointventurepartnerinterest": 13730000,
        "incometaxexpensebenefit": 10857000,
        "profitloss": 202945000,
        "noncontrollinginterestinnetincomelosspreferredunitholdersredeemable": 1932000,
        "minorityinterestinnetincomelossoperatingpartnershipsandother": 7803000,
        "netincomeloss": 193210000,
        "earningspersharebasic": 0.91,
        "earningspersharediluted": 0.91,
        "weightedaveragenumberofsharesoutstandingbasic": 211698436,
        "weightedaveragenumberofdilutedsharesoutstanding": 220298870,
        "commonstockdividendspersharecashpaid": 1.62,
        "othercomprehensiveincomelosscashflowhedgegainlossafterreclassificationandtax": -24887000,
        "comprehensiveincomenetoftaxincludingportionattributabletononcontrollinginterest": 178058000,
        "comprehensiveincomenetoftaxattributabletononcontrollinginterest": 8749000,
        "comprehensiveincomenetoftax": 169309000
    },
    {
        "date": "2024-06-29",
        "symbol": "EXR",
        "period": "Q2",
        "leaseincome": 697100000,
        "directpremiumsearned": 83705000,
        "revenuefromcontractwithcustomerexcludingassessedtax": 29858000,
        "revenues": 810663000,
        "costofrevenue": 196902000,
        "tenantreinsuranceexpense": 19631000,
        "generalandadministrativeexpense": 39901000,
        "depreciationdepletionandamortization": 194809000,
        "costsandexpenses": 451243000,
        "gainslossesonrealestatetransactionsandearnoutfromprioracquisitionandsaleofotherassets": -54659000,
        "operatingincomeloss": 304761000,
        "interestexpenseexcludingamortizationofdebtdiscountpremium": 137133000,
        "amortizationofdebtdiscountpremium": 10853000,
        "investmentincomeinterest": 31226000,
        "incomelossfromcontinuingoperationsbeforeincometaxesminorityinterestandincomelossfromequitymethodinvestments": 188001000,
        "incomelossfromequitymethodinvestments": 17255000,
        "incometaxexpensebenefit": 9844000,
        "profitloss": 195412000,
        "noncontrollinginterestinnetincomelosspreferredunitholdersredeemable": 1933000,
        "minorityinterestinnetincomelossoperatingpartnershipsandother": 7607000,
        "netincomeloss": 185872000,
        "earningspersharebasic": 0.88,
        "earningspersharediluted": 0.88,
        "weightedaveragenumberofsharesoutstandingbasic": 211584155,
        "weightedaveragenumberofdilutedsharesoutstanding": 211587105,
        "commonstockdividendspersharecashpaid": 1.62,
        "othercomprehensiveincomelosscashflowhedgegainlossafterreclassificationandtax": -1006000,
        "comprehensiveincomenetoftaxincludingportionattributabletononcontrollinginterest": 194406000,
        "comprehensiveincomenetoftaxattributabletononcontrollinginterest": 9484000,
        "comprehensiveincomenetoftax": 184922000
    },
    {
        "date": "2024-03-30",
        "symbol": "EXR",
        "period": "Q1",
        "leaseincome": 688044000,
        "directpremiumsearned": 81347000,
        "revenuefromcontractwithcustomerexcludingassessedtax": 30148000,
        "revenues": 799539000,
        "costofrevenue": 204518000,
        "tenantreinsuranceexpense": 18505000,
        "generalandadministrativeexpense": 43722000,
        "depreciationdepletionandamortization": 196966000,
        "costsandexpenses": 463711000,
        "operatingincomeloss": 335828000,
        "interestexpenseexcludingamortizationofdebtdiscountpremium": 132887000,
        "amortizationofdebtdiscountpremium": 10705000,
        "investmentincomeinterest": 23573000,
        "incomelossfromcontinuingoperationsbeforeincometaxesminorityinterestandincomelossfromequitymethodinvestments": 215809000,
        "incomelossfromequitymethodinvestments": 15007000,
        "incometaxexpensebenefit": 6742000,
        "profitloss": 224074000,
        "noncontrollinginterestinnetincomelosspreferredunitholdersredeemable": 2208000,
        "minorityinterestinnetincomelossoperatingpartnershipsandother": 8754000,
        "netincomeloss": 213112000,
        "earningspersharebasic": 1.01,
        "earningspersharediluted": 1.01,
        "weightedaveragenumberofsharesoutstandingbasic": 211283335,
        "weightedaveragenumberofdilutedsharesoutstanding": 220018777,
        "commonstockdividendspersharecashpaid": 1.62,
        "othercomprehensiveincomelosscashflowhedgegainlossafterreclassificationandtax": 11202000,
        "comprehensiveincomenetoftaxincludingportionattributabletononcontrollinginterest": 235276000,
        "comprehensiveincomenetoftaxattributabletononcontrollinginterest": 11408000,
        "comprehensiveincomenetoftax": 223868000
    },
    {
        "date": "2023-12-30",
        "symbol": "EXR",
        "period": "Q4",
        "leaseincome": 696982000,
        "directpremiumsearned": 70415000,
        "revenuefromcontractwithcustomerexcludingassessedtax": 30377000,
        "revenues": 841364000,
        "costofrevenue": 195039000,
        "tenantreinsuranceexpense": 21173000,
        "generalandadministrativeexpense": 39397000,
        "depreciationdepletionandamortization": 196139000,
        "costsandexpenses": 691487000,
        "operatingincomeloss": 149877000,
        "interestexpenseexcludingamortizationofdebtdiscountpremium": 129665000,
        "investmentincomeinterest": 22250000,
        "incomelossfromcontinuingoperationsbeforeincometaxesminorityinterestandincomelossfromequitymethodinvestments": 215495000,
        "incomelossfromequitymethodinvestments": 16233000,
        "incometaxexpensebenefit": 4321000,
        "profitloss": 252883000,
        "noncontrollinginterestinnetincomelosspreferredunitholdersredeemable": 2250000,
        "minorityinterestinnetincomelossoperatingpartnershipsandother": 9023000,
        "netincomeloss": 216134000,
        "earningspersharebasic": 0.8200000000000003,
        "earningspersharediluted": 0.8200000000000003,
        "weightedaveragenumberofsharesoutstandingbasic": 169216989,
        "weightedaveragenumberofdilutedsharesoutstanding": 169220882,
        "othercomprehensiveincomelosscashflowhedgegainlossafterreclassificationandtax": -28577000,
        "comprehensiveincomenetoftaxincludingportionattributabletononcontrollinginterest": 198830000,
        "comprehensiveincomenetoftaxattributabletononcontrollinginterest": 10173000,
        "comprehensiveincomenetoftax": 188657000
    },
    {
        "date": "2023-09-29",
        "symbol": "EXR",
        "period": "Q3",
        "leaseincome": 650887000,
        "directpremiumsearned": 69128000,
        "revenuefromcontractwithcustomerexcludingassessedtax": 28019000,
        "revenues": 748034000,
        "costofrevenue": 185194000,
        "tenantreinsuranceexpense": 19130000,
        "assetacquisitionacquisitionrelatedcosts": 54174000,
        "generalandadministrativeexpense": 37406000,
        "depreciationdepletionandamortization": 152338000,
        "costsandexpenses": 448242000,
        "operatingincomeloss": 299792000,
        "interestexpenseexcludingamortizationofdebtdiscountpremium": 122899000,
        "amortizationofdebtdiscountpremium": 8228000,
        "investmentincomeinterest": 22092000,
        "incomelossfromcontinuingoperationsbeforeincometaxesminorityinterestandincomelossfromequitymethodinvestments": 190757000,
        "incomelossfromequitymethodinvestments": 15043000,
        "incometaxexpensebenefit": 6944000,
        "profitloss": 198856000,
        "noncontrollinginterestinnetincomelosspreferredunitholdersredeemable": 2253000,
        "minorityinterestinnetincomelossoperatingpartnershipsandother": 8253000,
        "netincomeloss": 188350000,
        "earningspersharebasic": 0.96,
        "earningspersharediluted": 0.96,
        "weightedaveragenumberofsharesoutstandingbasic": 195324444,
        "weightedaveragenumberofdilutedsharesoutstanding": 195328020,
        "commonstockdividendspersharecashpaid": 1.62,
        "othercomprehensiveincomelosscashflowhedgegainlossafterreclassificationandtax": -2264000,
        "comprehensiveincomenetoftaxincludingportionattributabletononcontrollinginterest": 196592000,
        "comprehensiveincomenetoftaxattributabletononcontrollinginterest": 10395000,
        "comprehensiveincomenetoftax": 186197000
    },
    {
        "date": "2023-06-29",
        "symbol": "EXR",
        "period": "Q2",
        "leaseincome": 440747000,
        "directpremiumsearned": 48433000,
        "revenuefromcontractwithcustomerexcludingassessedtax": 22206000,
        "revenues": 489180000,
        "costofrevenue": 114637000,
        "tenantreinsuranceexpense": 9482000,
        "generalandadministrativeexpense": 34842000,
        "depreciationdepletionandamortization": 79086000,
        "costsandexpenses": 124119000,
        "operatingincomeloss": 365061000,
        "interestexpenseexcludingamortizationofdebtdiscountpremium": 86372000,
        "investmentincomeinterest": 21077000,
        "incomelossfromcontinuingoperationsbeforeincometaxesminorityinterestandincomelossfromequitymethodinvestments": 208044000,
        "incomelossfromequitymethodinvestments": 13254000,
        "incometaxexpensebenefit": 5986000,
        "profitloss": 202410000,
        "noncontrollinginterestinnetincomelosspreferredunitholdersredeemable": 2254000,
        "minorityinterestinnetincomelossoperatingpartnershipsandother": 10648000,
        "netincomeloss": 202410000,
        "earningspersharebasic": 1.5,
        "earningspersharediluted": 1.5,
        "weightedaveragenumberofsharesoutstandingbasic": 134832232,
        "weightedaveragenumberofdilutedsharesoutstanding": 143529817,
        "commonstockdividendspersharecashpaid": 1.62,
        "othercomprehensiveincomelosscashflowhedgegainlossafterreclassificationandtax": 12599000,
        "comprehensiveincomenetoftaxincludingportionattributabletononcontrollinginterest": 227911000,
        "comprehensiveincomenetoftaxattributabletononcontrollinginterest": 13517000,
        "comprehensiveincomenetoftax": 214394000
    },
    {
        "date": "2023-03-30",
        "symbol": "EXR",
        "period": "Q1",
        "leaseincome": 433962000,
        "directpremiumsearned": 47704000,
        "revenuefromcontractwithcustomerexcludingassessedtax": 21384000,
        "revenues": 481666000,
        "costofrevenue": 117166000,
        "tenantreinsuranceexpense": 9089000,
        "generalandadministrativeexpense": 34763000,
        "depreciationdepletionandamortization": 78490000,
        "costsandexpenses": 126255000,
        "operatingincomeloss": 355411000,
        "interestexpenseexcludingamortizationofdebtdiscountpremium": 80099000,
        "investmentincomeinterest": 19438000,
        "incomelossfromcontinuingoperationsbeforeincometaxesminorityinterestandincomelossfromequitymethodinvestments": 202881000,
        "incomelossfromequitymethodinvestments": 10305000,
        "incometaxexpensebenefit": 4308000,
        "profitloss": 196304000,
        "noncontrollinginterestinnetincomelosspreferredunitholdersredeemable": 2254000,
        "minorityinterestinnetincomelossoperatingpartnershipsandother": 10320000,
        "netincomeloss": 196304000,
        "earningspersharebasic": 1.46,
        "earningspersharediluted": 1.46,
        "weightedaveragenumberofsharesoutstandingbasic": 134511273,
        "weightedaveragenumberofdilutedsharesoutstanding": 142940384,
        "commonstockdividendspersharecashpaid": 1.62,
        "othercomprehensiveincomelosscashflowhedgegainlossafterreclassificationandtax": -14510000,
        "comprehensiveincomenetoftaxincludingportionattributabletononcontrollinginterest": 194368000,
        "comprehensiveincomenetoftaxattributabletononcontrollinginterest": 11781000,
        "comprehensiveincomenetoftax": 182587000
    },
    {
        "date": "2022-12-30",
        "symbol": "EXR",
        "period": "Q4",
        "leaseincome": 438096000,
        "directpremiumsearned": 47438000,
        "revenuefromcontractwithcustomerexcludingassessedtax": 21184000,
        "revenues": 485534000,
        "costofrevenue": 112971000,
        "tenantreinsuranceexpense": 8211000,
        "generalandadministrativeexpense": 35963000,
        "costsandexpenses": 121182000,
        "operatingincomeloss": 364352000,
        "interestexpenseexcludingamortizationofdebtdiscountpremium": 72922000,
        "investmentincomeinterest": 17248000,
        "incometaxexpensebenefit": 5409000,
        "profitloss": 159011000,
        "noncontrollinginterestinnetincomelosspreferredunitholdersredeemable": 4345000,
        "minorityinterestinnetincomelossoperatingpartnershipsandother": 10874000,
        "netincomeloss": 204260000,
        "earningspersharebasic": 1.5200000000000005,
        "earningspersharediluted": 1.5200000000000007,
        "weightedaveragenumberofsharesoutstandingbasic": -43675,
        "weightedaveragenumberofdilutedsharesoutstanding": 113543,
        "othercomprehensiveincomelosscashflowhedgegainlossafterreclassificationandtax": 265000,
        "comprehensiveincomenetoftaxincludingportionattributabletononcontrollinginterest": 219744000,
        "comprehensiveincomenetoftaxattributabletononcontrollinginterest": 15207000,
        "comprehensiveincomenetoftax": 204537000
    },
    {
        "date": "2022-09-29",
        "symbol": "EXR",
        "period": "Q3",
        "leaseincome": 428787000,
        "directpremiumsearned": 47869000,
        "revenuefromcontractwithcustomerexcludingassessedtax": 22246000,
        "revenues": 476656000,
        "costofrevenue": 114577000,
        "tenantreinsuranceexpense": 10770000,
        "generalandadministrativeexpense": 32275000,
        "depreciationdepletionandamortization": 71423000,
        "costsandexpenses": 125347000,
        "operatingincomeloss": 351309000,
        "interestexpenseexcludingamortizationofdebtdiscountpremium": 56245000,
        "investmentincomeinterest": 18125000,
        "incomelossfromcontinuingoperationsbeforeincometaxesminorityinterestandincomelossfromequitymethodinvestments": 231737000,
        "incomelossfromequitymethodinvestments": 11149000,
        "incometaxexpensebenefit": 6760000,
        "profitloss": 265968000,
        "noncontrollinginterestinnetincomelosspreferredunitholdersredeemable": 4454000,
        "minorityinterestinnetincomelossoperatingpartnershipsandother": 10953000,
        "netincomeloss": 220719000,
        "earningspersharebasic": 1.6399999999999997,
        "earningspersharediluted": 1.6499999999999997,
        "weightedaveragenumberofsharesoutstandingbasic": -134278225,
        "weightedaveragenumberofdilutedsharesoutstanding": -142751926,
        "commonstockdividendspersharecashpaid": 1.5,
        "othercomprehensiveincomelosscashflowhedgegainlossafterreclassificationandtax": 24222000,
        "comprehensiveincomenetoftaxincludingportionattributabletononcontrollinginterest": 260348000,
        "comprehensiveincomenetoftaxattributabletononcontrollinginterest": 16663000,
        "comprehensiveincomenetoftax": 243685000
    },
    {
        "date": "2022-06-29",
        "symbol": "EXR",
        "period": "Q2",
        "leaseincome": 408044000,
        "directpremiumsearned": 46427000,
        "revenuefromcontractwithcustomerexcludingassessedtax": 20517000,
        "revenues": 454471000,
        "costofrevenue": 104252000,
        "tenantreinsuranceexpense": 7537000,
        "businesscombinationacquisitionrelatedcosts": 1465000,
        "generalandadministrativeexpense": 31251000,
        "depreciationdepletionandamortization": 69067000,
        "costsandexpenses": 111789000,
        "gainslossesonrealestatetransactionsandearnoutfromprioracquisitionandsaleofotherassets": 14249000,
        "operatingincomeloss": 342682000,
        "interestexpenseexcludingamortizationofdebtdiscountpremium": 47466000,
        "investmentincomeinterest": 15060000,
        "incomelossfromcontinuingoperationsbeforeincometaxesminorityinterestandincomelossfromequitymethodinvestments": 243259000,
        "incomelossfromequitymethodinvestments": 10190000,
        "incometaxexpensebenefit": 5615000,
        "profitloss": 232130000,
        "noncontrollinginterestinnetincomelosspreferredunitholdersredeemable": 4491000,
        "minorityinterestinnetincomelossoperatingpartnershipsandother": 11213000,
        "netincomeloss": 232130000,
        "earningspersharebasic": 1.73,
        "earningspersharediluted": 1.73,
        "weightedaveragenumberofsharesoutstandingbasic": 134192540,
        "weightedaveragenumberofdilutedsharesoutstanding": 142737909,
        "commonstockdividendspersharecashpaid": 1.5,
        "othercomprehensiveincomelosscashflowhedgegainlossafterreclassificationandtax": 20113000,
        "comprehensiveincomenetoftaxincludingportionattributabletononcontrollinginterest": 267947000,
        "comprehensiveincomenetoftaxattributabletononcontrollinginterest": 16719000,
        "comprehensiveincomenetoftax": 251228000
    },
    {
        "date": "2022-03-30",
        "symbol": "EXR",
        "period": "Q1",
        "leaseincome": 379808000,
        "directpremiumsearned": 43797000,
        "revenuefromcontractwithcustomerexcludingassessedtax": 19957000,
        "revenues": 423605000,
        "costofrevenue": 103542000,
        "tenantreinsuranceexpense": 7042000,
        "generalandadministrativeexpense": 29762000,
        "depreciationdepletionandamortization": 67906000,
        "costsandexpenses": 110584000,
        "operatingincomeloss": 313021000,
        "interestexpenseexcludingamortizationofdebtdiscountpremium": 42538000,
        "investmentincomeinterest": 18989000,
        "incomelossfromcontinuingoperationsbeforeincometaxesminorityinterestandincomelossfromequitymethodinvestments": 211761000,
        "incomelossfromequitymethodinvestments": 9097000,
        "incometaxexpensebenefit": 3141000,
        "profitloss": 203579000,
        "noncontrollinginterestinnetincomelosspreferredunitholdersredeemable": 4333000,
        "minorityinterestinnetincomelossoperatingpartnershipsandother": 9805000,
        "netincomeloss": 203579000,
        "earningspersharebasic": 1.52,
        "earningspersharediluted": 1.51,
        "weightedaveragenumberofsharesoutstandingbasic": 134180175,
        "weightedaveragenumberofdilutedsharesoutstanding": 141581862,
        "commonstockdividendspersharecashpaid": 1.5,
        "othercomprehensiveincomelosscashflowhedgegainlossafterreclassificationandtax": 51649000,
        "comprehensiveincomenetoftaxincludingportionattributabletononcontrollinginterest": 269366000,
        "comprehensiveincomenetoftaxattributabletononcontrollinginterest": 16784000,
        "comprehensiveincomenetoftax": 252582000
    },
    {
        "date": "2021-12-30",
        "symbol": "EXR",
        "period": "Q4",
        "leaseincome": 364542000,
        "directpremiumsearned": 43897000,
        "revenuefromcontractwithcustomerexcludingassessedtax": 18944000,
        "revenues": 408439000,
        "costofrevenue": 94292000,
        "tenantreinsuranceexpense": 8083000,
        "generalandadministrativeexpense": 27918000,
        "costsandexpenses": 102375000,
        "operatingincomeloss": 306064000,
        "interestexpenseexcludingamortizationofdebtdiscountpremium": 45578000,
        "investmentincomeinterest": 12832000,
        "incometaxexpensebenefit": 3994000,
        "profitloss": 233749000,
        "noncontrollinginterestinnetincomelosspreferredunitholdersredeemable": 4050000,
        "minorityinterestinnetincomelossoperatingpartnershipsandother": 11381000,
        "netincomeloss": 268427000,
        "earningspersharebasic": 2.01,
        "earningspersharediluted": 2,
        "weightedaveragenumberofsharesoutstandingbasic": 177035,
        "weightedaveragenumberofdilutedsharesoutstanding": 161147,
        "othercomprehensiveincomelosscashflowhedgegainlossafterreclassificationandtax": 22640000,
        "comprehensiveincomenetoftaxincludingportionattributabletononcontrollinginterest": 306498000,
        "comprehensiveincomenetoftaxattributabletononcontrollinginterest": 16462000,
        "comprehensiveincomenetoftax": 290036000
    },
    {
        "date": "2021-09-29",
        "symbol": "EXR",
        "period": "Q3",
        "leaseincome": 351355000,
        "directpremiumsearned": 44258000,
        "revenuefromcontractwithcustomerexcludingassessedtax": 16879000,
        "revenues": 395613000,
        "costofrevenue": 92794000,
        "tenantreinsuranceexpense": 7509000,
        "generalandadministrativeexpense": 24395000,
        "depreciationdepletionandamortization": 61516000,
        "costsandexpenses": 100303000,
        "operatingincomeloss": 295310000,
        "interestexpenseexcludingamortizationofdebtdiscountpremium": 39670000,
        "investmentincomeinterest": 11729000,
        "incomelossfromcontinuingoperationsbeforeincometaxesminorityinterestandincomelossfromequitymethodinvestments": 198337000,
        "incomelossfromequitymethodinvestments": 8255000,
        "incometaxexpensebenefit": 6772000,
        "profitloss": 199820000,
        "noncontrollinginterestinnetincomelosspreferredunitholdersredeemable": 3529000,
        "minorityinterestinnetincomelossoperatingpartnershipsandother": 8015000,
        "netincomeloss": 188276000,
        "earningspersharebasic": 1.4000000000000004,
        "earningspersharediluted": 1.4000000000000006,
        "weightedaveragenumberofsharesoutstandingbasic": 133197903,
        "weightedaveragenumberofdilutedsharesoutstanding": 139854881,
        "commonstockdividendspersharecashpaid": 1.25,
        "othercomprehensiveincomelosscashflowhedgegainlossafterreclassificationandtax": 8055000,
        "comprehensiveincomenetoftaxincludingportionattributabletononcontrollinginterest": 207875000,
        "comprehensiveincomenetoftaxattributabletononcontrollinginterest": 11924000,
        "comprehensiveincomenetoftax": 195951000
    },
    {
        "date": "2021-06-29",
        "symbol": "EXR",
        "period": "Q2",
        "leaseincome": 321500000,
        "directpremiumsearned": 42334000,
        "revenuefromcontractwithcustomerexcludingassessedtax": 14796000,
        "revenues": 378630000,
        "costofrevenue": 89155000,
        "tenantreinsuranceexpense": 6735000,
        "generalandadministrativeexpense": 26341000,
        "depreciationdepletionandamortization": 59570000,
        "costsandexpenses": 181801000,
        "gainslossesonrealestatetransactionsandearnoutfromprioracquisitionandsaleofotherassets": 0,
        "operatingincomeloss": 196829000,
        "interestexpenseexcludingamortizationofdebtdiscountpremium": 40240000,
        "investmentincomeinterest": 12838000,
        "incomelossfromcontinuingoperationsbeforeincometaxesminorityinterestandincomelossfromequitymethodinvestments": 169427000,
        "incomelossfromequitymethodinvestments": 8322000,
        "incometaxexpensebenefit": 5421000,
        "profitloss": 178579000,
        "noncontrollinginterestinnetincomelosspreferredunitholdersredeemable": 3438000,
        "minorityinterestinnetincomelossoperatingpartnershipsandother": 7193000,
        "netincomeloss": 167948000,
        "earningspersharebasic": 1.25,
        "earningspersharediluted": 1.26,
        "weightedaveragenumberofsharesoutstandingbasic": 879377,
        "weightedaveragenumberofdilutedsharesoutstanding": 752010,
        "commonstockdividendspersharecashpaid": 1,
        "othercomprehensiveincomelosscashflowhedgegainlossafterreclassificationandtax": 5617000,
        "comprehensiveincomenetoftaxincludingportionattributabletononcontrollinginterest": 184196000,
        "comprehensiveincomenetoftaxattributabletononcontrollinginterest": 10898000,
        "comprehensiveincomenetoftax": 173298000
    },
    {
        "date": "2021-03-30",
        "symbol": "EXR",
        "period": "Q1",
        "leaseincome": 303593000,
        "directpremiumsearned": 39619000,
        "revenuefromcontractwithcustomerexcludingassessedtax": 15645000,
        "revenues": 358857000,
        "costofrevenue": 92367000,
        "tenantreinsuranceexpense": 7161000,
        "generalandadministrativeexpense": 23540000,
        "depreciationdepletionandamortization": 58599000,
        "costsandexpenses": 181667000,
        "gainslossesonrealestatetransactionsandearnoutfromprioracquisitionandsaleofotherassets": 63883000,
        "operatingincomeloss": 241073000,
        "interestexpenseexcludingamortizationofdebtdiscountpremium": 40695000,
        "investmentincomeinterest": 12304000,
        "incomelossfromcontinuingoperationsbeforeincometaxesminorityinterestandincomelossfromequitymethodinvestments": 212682000,
        "incomelossfromequitymethodinvestments": 6956000,
        "incometaxexpensebenefit": 4137000,
        "profitloss": 215501000,
        "noncontrollinginterestinnetincomelosspreferredunitholdersredeemable": 3680000,
        "minorityinterestinnetincomelossoperatingpartnershipsandother": 8823000,
        "netincomeloss": 202998000,
        "earningspersharebasic": 1.54,
        "earningspersharediluted": 1.53,
        "weightedaveragenumberofsharesoutstandingbasic": 132007556,
        "weightedaveragenumberofdilutedsharesoutstanding": 139676548,
        "commonstockdividendspersharecashpaid": 1,
        "othercomprehensiveincomelosscashflowhedgegainlossafterreclassificationandtax": 23013000,
        "comprehensiveincomenetoftaxincludingportionattributabletononcontrollinginterest": 238514000,
        "comprehensiveincomenetoftaxattributabletononcontrollinginterest": 13603000,
        "comprehensiveincomenetoftax": 224911000
    },
    {
        "date": "2020-12-30",
        "symbol": "EXR",
        "period": "Q4",
        "leaseincome": 301084000,
        "directpremiumsearned": 38576000,
        "revenuefromcontractwithcustomerexcludingassessedtax": 13830000,
        "revenues": 353490000,
        "costofrevenue": 88956000,
        "tenantreinsuranceexpense": 5769000,
        "generalandadministrativeexpense": 24352000,
        "costsandexpenses": 175816000,
        "operatingincomeloss": 195749000,
        "interestexpenseexcludingamortizationofdebtdiscountpremium": 41016000,
        "amortizationofdebtdiscountpremium": 0,
        "investmentincomeinterest": 8704000,
        "incomelossfromcontinuingoperationsbeforeincometaxesminorityinterestandincomelossfromequitymethodinvestments": 163437000,
        "incometaxexpensebenefit": 3797000,
        "profitloss": 166309000,
        "noncontrollinginterestinnetincomelosspreferredunitholdersredeemable": 3384000,
        "minorityinterestinnetincomelossoperatingpartnershipsandother": 6869000,
        "netincomeloss": 156056000,
        "earningspersharebasic": 1.19,
        "earningspersharediluted": 1.2000000000000002,
        "weightedaveragenumberofsharesoutstandingbasic": -128430941,
        "weightedaveragenumberofdilutedsharesoutstanding": -129571942,
        "othercomprehensiveincomelosscashflowhedgegainlossafterreclassificationandtax": 10105000,
        "comprehensiveincomenetoftaxincludingportionattributabletononcontrollinginterest": 176414000,
        "comprehensiveincomenetoftaxattributabletononcontrollinginterest": 10743000,
        "comprehensiveincomenetoftax": 165671000
    },
    {
        "date": "2020-09-29",
        "symbol": "EXR",
        "period": "Q3",
        "leaseincome": 290423000,
        "directpremiumsearned": 39294000,
        "revenuefromcontractwithcustomerexcludingassessedtax": 13307000,
        "revenues": 343024000,
        "costofrevenue": 92322000,
        "tenantreinsuranceexpense": 7189000,
        "generalandadministrativeexpense": 23894000,
        "depreciationdepletionandamortization": 56412000,
        "costsandexpenses": 179817000,
        "operatingincomeloss": 163207000,
        "interestexpenseexcludingamortizationofdebtdiscountpremium": 42213000,
        "amortizationofdebtdiscountpremium": 1233000,
        "investmentincomeinterest": 3145000,
        "incomelossfromcontinuingoperationsbeforeincometaxesminorityinterestandincomelossfromequitymethodinvestments": 122906000,
        "incomelossfromequitymethodinvestments": 5605000,
        "incometaxexpensebenefit": 4657000,
        "profitloss": 123854000,
        "noncontrollinginterestinnetincomelosspreferredunitholdersredeemable": 3248000,
        "minorityinterestinnetincomelossoperatingpartnershipsandother": 5973000,
        "netincomeloss": 114633000,
        "earningspersharebasic": 0.89,
        "earningspersharediluted": 0.88,
        "weightedaveragenumberofsharesoutstandingbasic": 128862341,
        "weightedaveragenumberofdilutedsharesoutstanding": 129871096,
        "commonstockdividendspersharecashpaid": 0.9,
        "othercomprehensiveincomelosscashflowhedgegainlossafterreclassificationandtax": 11181000,
        "comprehensiveincomenetoftaxincludingportionattributabletononcontrollinginterest": 135035000,
        "comprehensiveincomenetoftaxattributabletononcontrollinginterest": 9854000,
        "comprehensiveincomenetoftax": 125181000
    },
    {
        "date": "2020-06-29",
        "symbol": "EXR",
        "period": "Q2",
        "leaseincome": 279312000,
        "directpremiumsearned": 35078000,
        "revenuefromcontractwithcustomerexcludingassessedtax": 12856000,
        "revenues": 327246000,
        "costofrevenue": 89040000,
        "tenantreinsuranceexpense": 6858000,
        "generalandadministrativeexpense": 25337000,
        "depreciationdepletionandamortization": 56018000,
        "costsandexpenses": 177253000,
        "operatingincomeloss": 149993000,
        "interestexpenseexcludingamortizationofdebtdiscountpremium": 41039000,
        "amortizationofdebtdiscountpremium": 1233000,
        "investmentincomeinterest": 1669000,
        "incomelossfromcontinuingoperationsbeforeincometaxesminorityinterestandincomelossfromequitymethodinvestments": 109390000,
        "incomelossfromequitymethodinvestments": 5044000,
        "incometaxexpensebenefit": 3177000,
        "profitloss": 111257000,
        "noncontrollinginterestinnetincomelosspreferredunitholdersredeemable": 3139000,
        "minorityinterestinnetincomelossoperatingpartnershipsandother": 5207000,
        "netincomeloss": 102911000,
        "earningspersharebasic": 0.7899999999999999,
        "earningspersharediluted": 0.7999999999999999,
        "weightedaveragenumberofsharesoutstandingbasic": -178498,
        "weightedaveragenumberofdilutedsharesoutstanding": -7853885,
        "commonstockdividendspersharecashpaid": 0.9,
        "othercomprehensiveincomelosscashflowhedgegainlossafterreclassificationandtax": -5728000,
        "comprehensiveincomenetoftaxincludingportionattributabletononcontrollinginterest": 105529000,
        "comprehensiveincomenetoftaxattributabletononcontrollinginterest": 8034000,
        "comprehensiveincomenetoftax": 97495000
    },
    {
        "date": "2020-03-30",
        "symbol": "EXR",
        "period": "Q1",
        "leaseincome": 286703000,
        "directpremiumsearned": 33613000,
        "revenuefromcontractwithcustomerexcludingassessedtax": 12136000,
        "revenues": 332452000,
        "costofrevenue": 90297000,
        "tenantreinsuranceexpense": 6678000,
        "generalandadministrativeexpense": 23011000,
        "depreciationdepletionandamortization": 55275000,
        "costsandexpenses": 175261000,
        "operatingincomeloss": 157191000,
        "interestexpenseexcludingamortizationofdebtdiscountpremium": 44358000,
        "amortizationofdebtdiscountpremium": 1209000,
        "investmentincomeinterest": 1674000,
        "incomelossfromcontinuingoperationsbeforeincometaxesminorityinterestandincomelossfromequitymethodinvestments": 113298000,
        "incomelossfromequitymethodinvestments": 5043000,
        "incometaxexpensebenefit": 2179000,
        "profitloss": 116162000,
        "noncontrollinginterestinnetincomelosspreferredunitholdersredeemable": 3111000,
        "minorityinterestinnetincomelossoperatingpartnershipsandother": 4872000,
        "netincomeloss": 108179000,
        "earningspersharebasic": 0.84,
        "earningspersharediluted": 0.83,
        "weightedaveragenumberofsharesoutstandingbasic": 129288629,
        "weightedaveragenumberofdilutedsharesoutstanding": 137139560,
        "commonstockdividendspersharecashpaid": 0.9,
        "othercomprehensiveincomelosscashflowhedgegainlossafterreclassificationandtax": -89244000,
        "comprehensiveincomenetoftaxincludingportionattributabletononcontrollinginterest": 26918000,
        "comprehensiveincomenetoftaxattributabletononcontrollinginterest": 3613000,
        "comprehensiveincomenetoftax": 23305000
    },
    {
        "date": "2019-12-30",
        "symbol": "EXR",
        "period": "Q4",
        "profitloss": 120279000,
        "othercomprehensiveincomelosscashflowhedgegainlossafterreclassificationandtax": 15214000,
        "comprehensiveincomenetoftaxincludingportionattributabletononcontrollinginterest": 135493000,
        "comprehensiveincomenetoftaxattributabletononcontrollinginterest": 8738000,
        "comprehensiveincomenetoftax": 126755000,
        "leaseincome": 288673000,
        "directpremiumsearned": 33301000,
        "revenuefromcontractwithcustomerexcludingassessedtax": 13827000,
        "revenues": 335801000,
        "costofrevenue": 87762000,
        "tenantreinsuranceexpense": 7783000,
        "generalandadministrativeexpense": 20870000,
        "depreciationdepletionandamortization": 54741000,
        "costsandexpenses": 171156000,
        "operatingincomeloss": 164645000,
        "amortizationofdebtdiscountpremium": 1209000,
        "investmentincomeinterest": 1562000,
        "incomelossfromcontinuingoperationsbeforeincometaxesminorityinterestandincomelossfromequitymethodinvestments": 120188000,
        "incomelossfromequitymethodinvestments": 2819000,
        "incometaxexpensebenefit": 2728000,
        "noncontrollinginterestinnetincomelosspreferredunitholdersredeemable": 3113000,
        "minorityinterestinnetincomelossoperatingpartnershipsandother": 4884000,
        "netincomeloss": 112282000,
        "earningspersharebasic": 0.8699999999999999,
        "earningspersharediluted": 0.8699999999999999,
        "weightedaveragenumberofsharesoutstandingbasic": 373296,
        "weightedaveragenumberofdilutedsharesoutstanding": 269470
    },
    {
        "date": "2019-09-29",
        "symbol": "EXR",
        "period": "Q3",
        "profitloss": 123385000,
        "othercomprehensiveincomelosscashflowhedgegainlossafterreclassificationandtax": -16762000,
        "comprehensiveincomenetoftaxincludingportionattributabletononcontrollinginterest": 99233000,
        "comprehensiveincomenetoftaxattributabletononcontrollinginterest": 7109000,
        "comprehensiveincomenetoftax": 92124000,
        "leaseincome": 290917000,
        "directpremiumsearned": 33588000,
        "revenuefromcontractwithcustomerexcludingassessedtax": 13000000,
        "revenues": 337505000,
        "costofrevenue": 88653000,
        "tenantreinsuranceexpense": 7644000,
        "generalandadministrativeexpense": 22519000,
        "depreciationdepletionandamortization": 56051000,
        "costsandexpenses": 174867000,
        "operatingincomeloss": 162638000,
        "interestexpense": 46908000,
        "amortizationofdebtdiscountpremium": 1186000,
        "investmentincomeinterest": 2799000,
        "incomelossfromcontinuingoperationsbeforeincometaxesminorityinterestandincomelossfromequitymethodinvestments": 117343000,
        "incomelossfromequitymethodinvestments": 2704000,
        "incometaxexpensebenefit": 4052000,
        "noncontrollinginterestinnetincomelosspreferredunitholdersredeemable": 3088000,
        "minorityinterestinnetincomelossoperatingpartnershipsandother": 4820000,
        "netincomeloss": 108087000,
        "earningspersharebasic": 0.8400000000000001,
        "earningspersharediluted": 0.8200000000000001,
        "weightedaveragenumberofsharesoutstandingbasic": -126792411,
        "weightedaveragenumberofdilutedsharesoutstanding": -133780178,
        "commonstockdividendspersharecashpaid": 0.9000000000000002
    },
    {
        "date": "2019-06-29",
        "symbol": "EXR",
        "period": "Q2",
        "profitloss": 112689000,
        "othercomprehensiveincomelosscashflowhedgegainlossafterreclassificationandtax": -41302000,
        "comprehensiveincomenetoftaxincludingportionattributabletononcontrollinginterest": 71387000,
        "comprehensiveincomenetoftaxattributabletononcontrollinginterest": 5842000,
        "comprehensiveincomenetoftax": 65545000,
        "leaseincome": 279584000,
        "directpremiumsearned": 31701000,
        "revenuefromcontractwithcustomerexcludingassessedtax": 12317000,
        "revenues": 323602000,
        "costofrevenue": 80870000,
        "tenantreinsuranceexpense": 6982000,
        "generalandadministrativeexpense": 23351000,
        "depreciationdepletionandamortization": 54406000,
        "costsandexpenses": 165609000,
        "gainslossesonrealestatetransactionsandearnoutfromprioracquisitionandsaleofotherassets": 1205000,
        "operatingincomeloss": 159198000,
        "interestexpense": 47448000,
        "amortizationofdebtdiscountpremium": 1185000,
        "investmentincomeinterest": 1718000,
        "incomelossfromcontinuingoperationsbeforeincometaxesminorityinterestandincomelossfromequitymethodinvestments": 112283000,
        "incomelossfromequitymethodinvestments": 3121000,
        "incometaxexpensebenefit": 2715000,
        "noncontrollinginterestinnetincomelosspreferredunitholdersredeemable": 3128000,
        "minorityinterestinnetincomelossoperatingpartnershipsandother": 4733000,
        "netincomeloss": 104828000,
        "earningspersharebasic": 0.82,
        "earningspersharediluted": 0.81,
        "weightedaveragenumberofsharesoutstandingbasic": 127585436,
        "weightedaveragenumberofdilutedsharesoutstanding": 135654761,
        "commonstockdividendspersharecashpaid": 0.9
    },
    {
        "date": "2019-03-30",
        "symbol": "EXR",
        "period": "Q1",
        "profitloss": 94770000,
        "othercomprehensiveincomelosscashflowhedgegainlossafterreclassificationandtax": -23993000,
        "comprehensiveincomenetoftaxincludingportionattributabletononcontrollinginterest": 78167000,
        "comprehensiveincomenetoftaxattributabletononcontrollinginterest": 6240000,
        "comprehensiveincomenetoftax": 71927000,
        "leaseincome": 271003000,
        "directpremiumsearned": 29797000,
        "revenuefromcontractwithcustomerexcludingassessedtax": 10746000,
        "revenues": 311546000,
        "costofrevenue": 78765000,
        "tenantreinsuranceexpense": 6967000,
        "generalandadministrativeexpense": 22678000,
        "depreciationdepletionandamortization": 54659000,
        "costsandexpenses": 163069000,
        "operatingincomeloss": 148477000,
        "interestexpense": 47360000,
        "amortizationofdebtdiscountpremium": 1162000,
        "investmentincomeinterest": 1388000,
        "incomelossfromcontinuingoperationsbeforeincometaxesminorityinterestandincomelossfromequitymethodinvestments": 101343000,
        "incomelossfromequitymethodinvestments": 2630000,
        "incometaxexpensebenefit": 1813000,
        "noncontrollinginterestinnetincomelosspreferredunitholdersredeemable": 3163000,
        "minorityinterestinnetincomelossoperatingpartnershipsandother": 4227000,
        "netincomeloss": 94770000,
        "earningspersharebasic": 0.74,
        "earningspersharediluted": 0.74,
        "weightedaveragenumberofsharesoutstandingbasic": 127037247,
        "weightedaveragenumberofdilutedsharesoutstanding": 134289716,
        "commonstockdividendspersharecashpaid": 0.86
    },
    {
        "date": "2018-12-30",
        "symbol": "EXR",
        "period": "Q4",
        "profitloss": 84633000,
        "comprehensiveincomenetoftaxincludingportionattributabletononcontrollinginterest": 73868000,
        "comprehensiveincomenetoftaxattributabletononcontrollinginterest": 6118000,
        "comprehensiveincomenetoftax": 67750000,
        "operatingleasesincomestatementminimumleaserevenue": 266598000,
        "directpremiumsearned": 29847000,
        "costofrevenue": 72207000,
        "tenantreinsuranceexpense": 6909000,
        "generalandadministrativeexpense": 18434000,
        "depreciationdepletionandamortization": 53126000,
        "costsandexpenses": 6909000,
        "operatingincomeloss": 22938000,
        "interestexpense": 48197000,
        "amortizationofdebtdiscountpremium": 1162000,
        "investmentincomeinterest": 1295000,
        "incomelossfromcontinuingoperationsbeforeincometaxesminorityinterestandincomelossfromequitymethodinvestments": 108613000,
        "incomelossfromequitymethodinvestments": -10026000,
        "incometaxexpensebenefit": 3167000,
        "noncontrollinginterestinnetincomelosspreferredunitholdersredeemable": 3390000,
        "minorityinterestinnetincomelossoperatingpartnershipsandother": 4398000,
        "netincomeloss": 101462000,
        "earningspersharebasic": 0.8099999999999998,
        "earningspersharediluted": 0.8,
        "weightedaveragenumberofsharesoutstandingbasic": -252025919,
        "weightedaveragenumberofdilutedsharesoutstanding": -266537029
    },
    {
        "date": "2018-09-29",
        "symbol": "EXR",
        "period": "Q3",
        "profitloss": 139687000,
        "othercomprehensiveincomelossderivativesqualifyingashedgesnetoftax": 5716000,
        "comprehensiveincomenetoftaxincludingportionattributabletononcontrollinginterest": 145403000,
        "comprehensiveincomenetoftaxattributabletononcontrollinginterest": 9553000,
        "comprehensiveincomenetoftax": 135850000,
        "operatingleasesincomestatementminimumleaserevenue": 266728000,
        "directpremiumsearned": 30105000,
        "managementfeesrevenueandotherincome": 10120000,
        "revenuefromcontractwithcustomerincludingassessedtax": 306953000,
        "costofrevenue": 73652000,
        "tenantreinsuranceexpense": 7720000,
        "generalandadministrativeexpense": 19707000,
        "depreciationdepletionandamortization": 52283000,
        "costsandexpenses": 7720000,
        "operatingincomeloss": 22385000,
        "gainslossesonrealestatetransactionsandearnoutfromprioracquisitionandsaleofotherassets": 30807000,
        "interestexpense": 45926000,
        "amortizationofdebtdiscountpremium": 1140000,
        "investmentincomeinterest": 1371000,
        "incomelossfromcontinuingoperationsbeforeincometaxesminorityinterestandincomelossfromequitymethodinvestments": 138703000,
        "incomelossfromequitymethodinvestments": 3622000,
        "incometaxexpensebenefit": 2638000,
        "noncontrollinginterestinnetincomelosspreferredunitholdersredeemable": 3723000,
        "minorityinterestinnetincomelossoperatingpartnershipsandother": 5546000,
        "netincomeloss": 130418000,
        "earningspersharebasic": 1.03,
        "earningspersharediluted": 1.02,
        "weightedaveragenumberofsharesoutstandingbasic": 126466837,
        "weightedaveragenumberofdilutedsharesoutstanding": 134240290,
        "commonstockdividendspersharecashpaid": 0.86
    },
    {
        "date": "2018-06-29",
        "symbol": "EXR",
        "period": "Q2",
        "profitloss": 102713000,
        "othercomprehensiveincomelossderivativesqualifyingashedgesnetoftax": 8033000,
        "comprehensiveincomenetoftaxincludingportionattributabletononcontrollinginterest": 110746000,
        "comprehensiveincomenetoftaxattributabletononcontrollinginterest": 7934000,
        "comprehensiveincomenetoftax": 102812000,
        "operatingleasesincomestatementminimumleaserevenue": 258128000,
        "directpremiumsearned": 28521000,
        "managementfeesrevenueandotherincome": 10164000,
        "realestaterevenuenet": 28521000,
        "costofrevenue": 73083000,
        "tenantreinsuranceexpense": 5471000,
        "generalandadministrativeexpense": 21651000,
        "depreciationdepletionandamortization": 51892000,
        "costsandexpenses": 5471000,
        "operatingincomeloss": 23050000,
        "interestexpense": 43347000,
        "amortizationofdebtdiscountpremium": 1176000,
        "investmentincomeinterest": 1188000,
        "incomelossfromcontinuingoperationsbeforeincometaxesminorityinterestandincomelossfromequitymethodinvestments": 101381000,
        "incomelossfromequitymethodinvestments": 3429000,
        "incometaxexpensebenefit": 2097000,
        "noncontrollinginterestinnetincomelosspreferredunitholdersredeemable": 3492000,
        "minorityinterestinnetincomelossoperatingpartnershipsandother": 4068000,
        "netincomeloss": 95153000,
        "earningspersharebasic": 0.75,
        "earningspersharediluted": 0.75,
        "weightedaveragenumberofsharesoutstandingbasic": 125874130,
        "weightedaveragenumberofdilutedsharesoutstanding": 132772772,
        "commonstockdividendspersharecashpaid": 0.86
    },
    {
        "date": "2018-03-30",
        "symbol": "EXR",
        "period": "Q1",
        "profitloss": 88256000,
        "othercomprehensiveincomelossderivativesqualifyingashedgesnetoftax": 23063000,
        "comprehensiveincomenetoftaxincludingportionattributabletononcontrollinginterest": 118493000,
        "comprehensiveincomenetoftaxattributabletononcontrollinginterest": 8256000,
        "comprehensiveincomenetoftax": 110237000,
        "operatingleasesincomestatementminimumleaserevenue": 247886000,
        "directpremiumsearned": 27034000,
        "managementfeesrevenueandotherincome": 10565000,
        "realestaterevenuenet": 27034000,
        "costofrevenue": 72753000,
        "tenantreinsuranceexpense": 5607000,
        "generalandadministrativeexpense": 21464000,
        "depreciationdepletionandamortization": 51749000,
        "costsandexpenses": 5607000,
        "operatingincomeloss": 21427000,
        "interestexpense": 40966000,
        "amortizationofdebtdiscountpremium": 1209000,
        "investmentincomeinterest": 1438000,
        "incomelossfromcontinuingoperationsbeforeincometaxesminorityinterestandincomelossfromequitymethodinvestments": 93175000,
        "incomelossfromequitymethodinvestments": 3597000,
        "incometaxexpensebenefit": 1342000,
        "noncontrollinginterestinnetincomelosspreferredunitholdersredeemable": 3390000,
        "minorityinterestinnetincomelossoperatingpartnershipsandother": 3784000,
        "netincomeloss": 88256000,
        "earningspersharebasic": 0.7,
        "earningspersharediluted": 0.7,
        "weightedaveragenumberofsharesoutstandingbasic": 125772439,
        "weightedaveragenumberofdilutedsharesoutstanding": 132683000,
        "commonstockdividendspersharecashpaid": 0.78
    },
    {
        "date": "2017-09-29",
        "symbol": "EXR",
        "period": "Q3",
        "profitloss": 164127000,
        "othercomprehensiveincomelossderivativesqualifyingashedgesnetoftax": 759000,
        "comprehensiveincomenetoftaxincludingportionattributabletononcontrollinginterest": 101834000,
        "comprehensiveincomenetoftaxattributabletononcontrollinginterest": 7342000,
        "comprehensiveincomenetoftax": 94492000,
        "operatingleasesincomestatementminimumleaserevenue": 248589000,
        "directpremiumsearned": 25882000,
        "managementfeesrevenueandotherincome": 9685000,
        "realestaterevenuenet": -214271000,
        "costofrevenue": 70430000,
        "tenantreinsuranceexpense": 6272000,
        "generalandadministrativeexpense": 19498000,
        "depreciationdepletionandamortization": 44012000,
        "costsandexpenses": -128613000,
        "operatingincomeloss": -85658000,
        "interestexpense": 37230000,
        "amortizationofdebtdiscountpremium": 1268000,
        "investmentincomeinterest": 869000,
        "interestincomeonnotereceivablefrompreferredpartnershipunitholders": 532000,
        "incomelossfromcontinuingoperationsbeforeincometaxesminorityinterestandincomelossfromequitymethodinvestments": 100248000,
        "incomelossfromequitymethodinvestments": 3990000,
        "incometaxexpensebenefit": 3711000,
        "noncontrollinginterestinnetincomelosspreferredunitholdersredeemable": 3394000,
        "minorityinterestinnetincomelossoperatingpartnershipsandother": 3917000,
        "netincomeloss": 93764000,
        "earningspersharebasic": 0.7499999999999999,
        "earningspersharediluted": 0.7399999999999999,
        "weightedaveragenumberofsharesoutstandingbasic": -125612772,
        "weightedaveragenumberofdilutedsharesoutstanding": -132393424,
        "commonstockdividendspersharecashpaid": 0.7799999999999998
    },
    {
        "date": "2017-06-29",
        "symbol": "EXR",
        "period": "Q2",
        "profitloss": 16643000,
        "othercomprehensiveincomelossderivativesqualifyingashedgesnetoftax": -6101000,
        "comprehensiveincomenetoftaxincludingportionattributabletononcontrollinginterest": 87997000,
        "comprehensiveincomenetoftaxattributabletononcontrollinginterest": 6804000,
        "comprehensiveincomenetoftax": 81193000,
        "operatingleasesincomestatementminimumleaserevenue": 240796000,
        "directpremiumsearned": 24313000,
        "managementfeesrevenueandotherincome": 10894000,
        "realestaterevenuenet": 24313000,
        "costofrevenue": 67295000,
        "tenantreinsuranceexpense": 3804000,
        "generalandadministrativeexpense": 21865000,
        "depreciationdepletionandamortization": 43377000,
        "costsandexpenses": 3804000,
        "operatingincomeloss": 20509000,
        "gainslossesonrealestatetransactionsandearnoutfromprioracquisitionandsaleofotherassets": -6019000,
        "interestexpense": 36214000,
        "amortizationofdebtdiscountpremium": 1290000,
        "investmentincomeinterest": 826000,
        "interestincomeonnotereceivablefrompreferredpartnershipunitholders": 659000,
        "incomelossfromcontinuingoperationsbeforeincometaxesminorityinterestandincomelossfromequitymethodinvestments": 93127000,
        "incomelossfromequitymethodinvestments": 3838000,
        "incometaxexpensebenefit": 3866000,
        "noncontrollinginterestinnetincomelosspreferredunitholdersredeemable": 3430000,
        "minorityinterestinnetincomelossoperatingpartnershipsandother": 3662000,
        "netincomeloss": 87006000,
        "earningspersharebasic": 0.69,
        "earningspersharediluted": 0.69,
        "weightedaveragenumberofsharesoutstandingbasic": 125673156,
        "weightedaveragenumberofdilutedsharesoutstanding": 132783402,
        "commonstockdividendspersharecashpaid": 0.78
    },
    {
        "date": "2017-03-30",
        "symbol": "EXR",
        "period": "Q1",
        "profitloss": 82282000,
        "othercomprehensiveincomelossderivativesqualifyingashedgesnetoftax": 6334000,
        "comprehensiveincomenetoftaxincludingportionattributabletononcontrollinginterest": 96068000,
        "comprehensiveincomenetoftaxattributabletononcontrollinginterest": 7740000,
        "comprehensiveincomenetoftax": 88328000,
        "operatingleasesincomestatementminimumleaserevenue": 231493000,
        "directpremiumsearned": 22855000,
        "managementfeesrevenueandotherincome": 8660000,
        "realestaterevenuenet": 263008000,
        "costofrevenue": 66645000,
        "tenantreinsuranceexpense": 3920000,
        "generalandadministrativeexpense": 18808000,
        "depreciationdepletionandamortization": 49432000,
        "costsandexpenses": 138805000,
        "operatingincomeloss": 124203000,
        "interestexpense": 35970000,
        "amortizationofdebtdiscountpremium": 1269000,
        "investmentincomeinterest": 1102000,
        "interestincomeonnotereceivablefrompreferredpartnershipunitholders": 1213000,
        "incomelossfromcontinuingoperationsbeforeincometaxesminorityinterestandincomelossfromequitymethodinvestments": 89279000,
        "incomelossfromequitymethodinvestments": 3579000,
        "incometaxexpensebenefit": 3124000,
        "noncontrollinginterestinnetincomelosspreferredunitholdersredeemable": 3951000,
        "minorityinterestinnetincomelossoperatingpartnershipsandother": 3501000,
        "netincomeloss": 82282000,
        "earningspersharebasic": 0.65,
        "earningspersharediluted": 0.64,
        "weightedaveragenumberofsharesoutstandingbasic": 125605403,
        "weightedaveragenumberofdilutedsharesoutstanding": 132618644,
        "commonstockdividendspersharecashpaid": 0.78
    },
    {
        "date": "2016-09-29",
        "symbol": "EXR",
        "period": "Q3",
        "profitloss": 118088000,
        "othercomprehensiveincomelossderivativesqualifyingashedgesnetoftax": 13374000,
        "comprehensiveincomenetoftaxincludingportionattributabletononcontrollinginterest": 140600000,
        "comprehensiveincomenetoftaxattributabletononcontrollinginterest": 9761000,
        "comprehensiveincomenetoftax": 130839000,
        "operatingleasesincomestatementminimumleaserevenue": 224451000,
        "directpremiumsearned": 22727000,
        "managementfeesrevenueandotherincome": 10005000,
        "realestaterevenuenet": 22727000,
        "costofrevenue": 62341000,
        "tenantreinsuranceexpense": 4093000,
        "acquisitionrelatedcosts": 1933000,
        "generalandadministrativeexpense": 19537000,
        "depreciationdepletionandamortization": 44189000,
        "costsandexpenses": 4093000,
        "operatingincomeloss": 18634000,
        "gainslossesonrealestatetransactionsandearnoutfromprioracquisition": 0,
        "interestexpense": 32619000,
        "amortizationofdebtdiscountpremium": 1243000,
        "investmentincomeinterest": 4000,
        "interestincomeonnotereceivablefrompreferredpartnershipunitholders": 1213000,
        "incomelossfromcontinuingoperationsbeforeincometaxesminorityinterestandincomelossfromequitymethodinvestments": 90558000,
        "incomelossfromequitymethodinvestments": 3625000,
        "incometaxexpensebenefit": 3504000,
        "noncontrollinginterestinnetincomelosspreferredunitholdersredeemable": 4144000,
        "minorityinterestinnetincomelossoperatingpartnershipsandother": 4994000,
        "netincomeloss": 118088000,
        "earningspersharebasic": 0.9299999999999998,
        "earningspersharediluted": 0.92,
        "weightedaveragenumberofsharesoutstandingbasic": 566468,
        "weightedaveragenumberofdilutedsharesoutstanding": 324172,
        "commonstockdividendspersharecashpaid": 0.7799999999999997
    },
    {
        "date": "2016-06-29",
        "symbol": "EXR",
        "period": "Q2",
        "profitloss": 162000000,
        "othercomprehensiveincomelossderivativesqualifyingashedgesnetoftax": -18797000,
        "comprehensiveincomenetoftaxincludingportionattributabletononcontrollinginterest": 71243000,
        "comprehensiveincomenetoftaxattributabletononcontrollinginterest": 6105000,
        "comprehensiveincomenetoftax": 65138000,
        "operatingleasesincomestatementminimumleaserevenue": 211791000,
        "directpremiumsearned": 21654000,
        "managementfeesrevenueandotherincome": 10828000,
        "realestaterevenuenet": 32849000,
        "costofrevenue": 62430000,
        "tenantreinsuranceexpense": 3941000,
        "acquisitionrelatedcosts": 3138000,
        "generalandadministrativeexpense": 20512000,
        "depreciationdepletionandamortization": 80006000,
        "costsandexpenses": -21514000,
        "operatingincomeloss": 54363000,
        "gainslossesonrealestatetransactionsandearnoutfromprioracquisition": 11358000,
        "interestexpense": 61712000,
        "amortizationofdebtdiscountpremium": 1240000,
        "investmentincomeinterest": -1705000,
        "interestincomeonnotereceivablefrompreferredpartnershipunitholders": 1212000,
        "incomelossfromcontinuingoperationsbeforeincometaxesminorityinterestandincomelossfromequitymethodinvestments": 90455000,
        "incomelossfromequitymethodinvestments": 3358000,
        "gainlossonsaleofrealestateassetsandpurchaseofpartnersinterests": 0,
        "incometaxexpensebenefit": 5105000,
        "noncontrollinginterestinnetincomelosspreferredunitholdersredeemable": 3434000,
        "minorityinterestinnetincomelossoperatingpartnershipsandother": 3562000,
        "netincomeloss": 83044000,
        "earningspersharebasic": 0.67,
        "earningspersharediluted": 0.66,
        "weightedaveragenumberofsharesoutstandingbasic": -75881,
        "weightedaveragenumberofdilutedsharesoutstanding": 196425,
        "commonstockdividendspersharecashpaid": 0.7800000000000001
    },
    {
        "date": "2016-03-30",
        "symbol": "EXR",
        "period": "Q1",
        "operatingleasesincomestatementminimumleaserevenue": 199488000,
        "directpremiumsearned": 20555000,
        "managementfeesrevenueandotherincome": 9360000,
        "realestaterevenuenet": 9360000,
        "costofrevenue": 61112000,
        "tenantreinsuranceexpense": 4311000,
        "acquisitionrelatedcosts": 4053000,
        "generalandadministrativeexpense": 23402000,
        "depreciationdepletionandamortization": 2311000,
        "costsandexpenses": 29766000,
        "operatingincomeloss": -20406000,
        "gainslossesonrealestatetransactionsandearnoutfromprioracquisition": -1544000,
        "interestexpense": 794000,
        "amortizationofdebtdiscountpremium": 1233000,
        "investmentincomeinterest": 1711000,
        "interestincomeonnotereceivablefrompreferredpartnershipunitholders": 1213000,
        "incomelossfromcontinuingoperationsbeforeincometaxesminorityinterestandincomelossfromequitymethodinvestments": 62419000,
        "incomelossfromequitymethodinvestments": 2830000,
        "gainlossonsaleofrealestateassetsandpurchaseofpartnersinterests": 26923000,
        "incometaxexpensebenefit": 743000,
        "profitloss": 3636000,
        "noncontrollinginterestinnetincomelosspreferredunitholdersredeemable": 3180000,
        "minorityinterestinnetincomelossoperatingpartnershipsandother": 3635000,
        "netincomeloss": 82592000,
        "earningspersharebasic": 0.66,
        "earningspersharediluted": 0.66,
        "weightedaveragenumberofsharesoutstandingbasic": 124754174,
        "weightedaveragenumberofdilutedsharesoutstanding": 131956094,
        "commonstockdividendspersharecashpaid": 0.59,
        "othercomprehensiveincomelossderivativesqualifyingashedgesnetoftax": -31148000,
        "comprehensiveincomenetoftaxincludingportionattributabletononcontrollinginterest": 58259000,
        "comprehensiveincomenetoftaxattributabletononcontrollinginterest": 5254000,
        "comprehensiveincomenetoftax": 53005000
    },
    {
        "date": "2015-09-29",
        "symbol": "EXR",
        "period": "Q3",
        "operatingleasesincomestatementminimumleaserevenue": 170548000,
        "directpremiumsearned": 18226000,
        "managementfeesrevenueandotherincome": 8723000,
        "realestaterevenuenet": 8723000,
        "costofrevenue": 48878000,
        "tenantreinsuranceexpense": 3608000,
        "acquisitionrelatedcosts": 280000,
        "generalandadministrativeexpense": 16716000,
        "depreciationdepletionandamortization": 2153000,
        "costsandexpenses": 19149000,
        "operatingincomeloss": -10426000,
        "interestexpense": 777000,
        "amortizationofdebtdiscountpremium": 805000,
        "investmentincomeinterest": 353000,
        "interestincomeonnotereceivablefrompreferredpartnershipunitholders": 1213000,
        "incomelossfromcontinuingoperationsbeforeincometaxesminorityinterestandincomelossfromequitymethodinvestments": 78358000,
        "incomelossfromequitymethodinvestments": 3403000,
        "incometaxexpensebenefit": 612000,
        "profitloss": 3381000,
        "noncontrollinginterestinnetincomelosspreferredunitholdersredeemable": 3112000,
        "minorityinterestinnetincomelossoperatingpartnershipsandother": 3370000,
        "netincomeloss": 71718000,
        "earningspersharebasic": 0.5900000000000001,
        "earningspersharediluted": 0.5900000000000001,
        "weightedaveragenumberofsharesoutstandingbasic": 2073162,
        "weightedaveragenumberofdilutedsharesoutstanding": 1929072,
        "commonstockdividendspersharecashpaid": 0.5899999999999999,
        "othercomprehensiveincomelossderivativesqualifyingashedgesnetoftax": -20019000,
        "comprehensiveincomenetoftaxincludingportionattributabletononcontrollinginterest": 58181000,
        "comprehensiveincomenetoftaxattributabletononcontrollinginterest": 5456000,
        "comprehensiveincomenetoftax": 52725000
    },
    {
        "date": "2015-06-29",
        "symbol": "EXR",
        "period": "Q2",
        "operatingleasesincomestatementminimumleaserevenue": 161024000,
        "directpremiumsearned": 17340000,
        "managementfeesrevenueandotherincome": 7496000,
        "realestaterevenuenet": 7496000,
        "costofrevenue": 48209000,
        "tenantreinsuranceexpense": 3283000,
        "acquisitionrelatedcosts": 4554000,
        "generalandadministrativeexpense": 16655000,
        "depreciationdepletionandamortization": 2435000,
        "costsandexpenses": 23644000,
        "operatingincomeloss": -16148000,
        "interestexpense": 781000,
        "amortizationofdebtdiscountpremium": 696000,
        "investmentincomeinterest": 424000,
        "interestincomeonnotereceivablefrompreferredpartnershipunitholders": 1212000,
        "incomelossfromcontinuingoperationsbeforeincometaxesminorityinterestandincomelossfromequitymethodinvestments": 60140000,
        "incomelossfromequitymethodinvestments": 3001000,
        "gainlossonsaleofrealestateassetsandpurchaseofpartnersinterests": 0,
        "incometaxexpensebenefit": -569000,
        "profitloss": 4396000,
        "noncontrollinginterestinnetincomelosspreferredunitholdersredeemable": 3007000,
        "minorityinterestinnetincomelossoperatingpartnershipsandother": 2610000,
        "netincomeloss": 55339000,
        "earningspersharebasic": 0.47000000000000003,
        "earningspersharediluted": 0.46,
        "weightedaveragenumberofsharesoutstandingbasic": 374095,
        "weightedaveragenumberofdilutedsharesoutstanding": 881523,
        "commonstockdividendspersharecashpaid": 0.5900000000000001,
        "othercomprehensiveincomelossderivativesqualifyingashedgesnetoftax": 6305000,
        "comprehensiveincomenetoftaxincludingportionattributabletononcontrollinginterest": 67261000,
        "comprehensiveincomenetoftaxattributabletononcontrollinginterest": 5941000,
        "comprehensiveincomenetoftax": 61320000
    },
    {
        "date": "2015-03-30",
        "symbol": "EXR",
        "period": "Q1",
        "operatingleasesincomestatementminimumleaserevenue": 148894000,
        "directpremiumsearned": 16510000,
        "managementfeesrevenueandotherincome": 7750000,
        "realestaterevenuenet": 7750000,
        "costofrevenue": 47244000,
        "tenantreinsuranceexpense": 2928000,
        "acquisitionrelatedcosts": 869000,
        "generalandadministrativeexpense": 16249000,
        "depreciationdepletionandamortization": 2163000,
        "costsandexpenses": 19281000,
        "operatingincomeloss": -11531000,
        "interestexpense": -399000,
        "amortizationofdebtdiscountpremium": 697000,
        "investmentincomeinterest": 852000,
        "interestincomeonnotereceivablefrompreferredpartnershipunitholders": 1213000,
        "incomelossfromcontinuingoperationsbeforeincometaxesminorityinterestandincomelossfromequitymethodinvestments": 55377000,
        "incomelossfromequitymethodinvestments": 2650000,
        "gainlossonsaleofrealestateassetsandpurchaseofpartnersinterests": 2857000,
        "incometaxexpensebenefit": -380000,
        "profitloss": 171000,
        "noncontrollinginterestinnetincomelosspreferredunitholdersredeemable": 2926000,
        "minorityinterestinnetincomelossoperatingpartnershipsandother": 1968000,
        "netincomeloss": 53742000,
        "earningspersharebasic": 0.46,
        "earningspersharediluted": 0.46,
        "weightedaveragenumberofsharesoutstandingbasic": 116117615,
        "weightedaveragenumberofdilutedsharesoutstanding": 122595718,
        "commonstockdividendspersharecashpaid": 0.47,
        "othercomprehensiveincomelossderivativesqualifyingashedgesnetoftax": -6593000,
        "comprehensiveincomenetoftaxincludingportionattributabletononcontrollinginterest": 52043000,
        "comprehensiveincomenetoftaxattributabletononcontrollinginterest": 4617000,
        "comprehensiveincomenetoftax": 47426000
    },
    {
        "date": "2014-09-29",
        "symbol": "EXR",
        "period": "Q3",
        "operatingleasesincomestatementminimumleaserevenue": 144669000,
        "directpremiumsearned": 15385000,
        "managementfeesrevenue": 7314000,
        "realestaterevenuenet": 7314000,
        "costofrevenue": 43294000,
        "tenantreinsuranceexpense": 2930000,
        "acquisitionrelatedcosts": 436000,
        "generalandadministrativeexpense": 13966000,
        "depreciationdepletionandamortization": 2023000,
        "costsandexpenses": 16425000,
        "operatingincomeloss": -9111000,
        "gainslossesonsalesofrealestateandearnoutfromprioracquisitions": -2500000,
        "interestexpense": 265000,
        "amortizationofdebtdiscountpremium": 679000,
        "investmentincomeinterest": 181000,
        "interestincomeonnotereceivablefrompreferredpartnershipunitholders": 1213000,
        "incomelossfromcontinuingoperationsbeforeincometaxesminorityinterestandincomelossfromequitymethodinvestments": 55032000,
        "incomelossfromequitymethodinvestments": 2777000,
        "gainlossonsaleofrealestateassetsandpurchaseofpartnersinterests": 378000,
        "incometaxexpensebenefit": 783000,
        "profitloss": -11944000,
        "noncontrollinginterestinnetincomelosspreferredunitholdersredeemable": 2977000,
        "minorityinterestinnetincomelossoperatingpartnershipsandother": 1988000,
        "netincomeloss": 54228000,
        "earningspersharebasic": 0.47,
        "earningspersharediluted": 0.47,
        "weightedaveragenumberofsharesoutstandingbasic": 115726911,
        "weightedaveragenumberofdilutedsharesoutstanding": 121617554,
        "commonstockdividendspersharecashpaid": 0.47,
        "othercomprehensiveincomelossderivativesqualifyingashedgesnetoftax": 1834000,
        "comprehensiveincomenetoftaxincludingportionattributabletononcontrollinginterest": 61027000,
        "comprehensiveincomenetoftaxattributabletononcontrollinginterest": 5137000,
        "comprehensiveincomenetoftax": 55890000
    },
    {
        "date": "2014-06-29",
        "symbol": "EXR",
        "period": "Q2",
        "operatingleasesincomestatementminimumleaserevenue": 138778000,
        "directpremiumsearned": 14508000,
        "managementfeesrevenue": 6954000,
        "realestaterevenuenet": 160240000,
        "costofrevenue": 42294000,
        "tenantreinsuranceexpense": 2636000,
        "acquisitionrelatedcosts": 1393000,
        "generalandadministrativeexpense": 14985000,
        "depreciationdepletionandamortization": 28271000,
        "costsandexpenses": 89579000,
        "operatingincomeloss": 70661000,
        "gainslossesonsalesofrealestateandearnoutfromprioracquisition": -7785000,
        "interestexpense": 20658000,
        "amortizationofdebtdiscountpremium": 663000,
        "investmentincomeinterest": 712000,
        "interestincomeonnotereceivablefrompreferredpartnershipunitholders": 1212000,
        "incomelossfromcontinuingoperationsbeforeincometaxesminorityinterestandincomelossfromequitymethodinvestments": 43479000,
        "incomelossfromequitymethodinvestments": 2604000,
        "gainlossonsaleofrealestateassetsandpurchaseofpartnersinterests": 3438000,
        "incometaxexpensebenefit": 258000,
        "profitloss": 46008000,
        "noncontrollinginterestinnetincomelosspreferredunitholdersredeemable": 2812000,
        "minorityinterestinnetincomelossoperatingpartnershipsandother": 1531000,
        "netincomeloss": 41665000,
        "earningspersharebasic": 0.36,
        "earningspersharediluted": 0.36,
        "weightedaveragenumberofsharesoutstandingbasic": 115653489,
        "weightedaveragenumberofdilutedsharesoutstanding": 121254222,
        "commonstockdividendspersharecashpaid": 0.47,
        "othercomprehensiveincomelossderivativesqualifyingashedgesnetoftax": -5701000,
        "comprehensiveincomenetoftaxincludingportionattributabletononcontrollinginterest": 40307000,
        "comprehensiveincomenetoftaxattributabletononcontrollinginterest": 4097000,
        "comprehensiveincomenetoftax": 36210000
    },
    {
        "date": "2014-03-30",
        "symbol": "EXR",
        "period": "Q1",
        "operatingleasesincomestatementminimumleaserevenue": 132001000,
        "directpremiumsearned": 13463000,
        "managementfeesrevenue": 6716000,
        "realestaterevenuenet": 152180000,
        "costofrevenue": 43482000,
        "tenantreinsuranceexpense": 2567000,
        "acquisitionrelatedcosts": 2056000,
        "generalandadministrativeexpense": 15302000,
        "depreciationdepletionandamortization": 28375000,
        "costsandexpenses": 91782000,
        "operatingincomeloss": 60398000,
        "interestexpense": 19598000,
        "amortizationofdebtdiscountpremium": 662000,
        "investmentincomeinterest": 269000,
        "interestincomeonnotereceivablefrompreferredpartnershipunitholders": 1213000,
        "incomelossfromcontinuingoperationsbeforeincometaxesminorityinterestandincomelossfromequitymethodinvestments": 41620000,
        "incomelossfromequitymethodinvestments": 2419000,
        "incometaxexpensebenefit": 2830000,
        "profitloss": 504000,
        "noncontrollinginterestinnetincomelosspreferredunitholdersredeemable": 2492000,
        "minorityinterestinnetincomelossoperatingpartnershipsandother": 1377000,
        "netincomeloss": 37340000,
        "earningspersharebasic": 0.32,
        "earningspersharediluted": 0.32,
        "weightedaveragenumberofsharesoutstandingbasic": 115438325,
        "weightedaveragenumberofdilutedsharesoutstanding": 121062845,
        "commonstockdividendspersharecashpaid": 0.4,
        "othercomprehensiveincomelossderivativesqualifyingashedgesnetoftax": -2747000,
        "comprehensiveincomenetoftaxincludingportionattributabletononcontrollinginterest": 38462000,
        "comprehensiveincomenetoftaxattributabletononcontrollinginterest": 3750000,
        "comprehensiveincomenetoftax": 34712000
    },
    {
        "date": "2013-09-29",
        "symbol": "EXR",
        "period": "Q3",
        "profitloss": 118462000,
        "othercomprehensiveincomelossderivativesqualifyingashedgesnetoftax": -2073000,
        "comprehensiveincomenetoftaxincludingportionattributabletononcontrollinginterest": 30279000,
        "comprehensiveincomenetoftaxattributabletononcontrollinginterest": 2996000,
        "comprehensiveincomenetoftax": 27283000,
        "operatingleasesincomestatementminimumleaserevenue": 113881000,
        "reinsurancepremiumsforinsurancecompaniesbyproductsegmentgrossamount": 12294000,
        "managementfeesrevenue": 6936000,
        "realestaterevenuenet": 6936000,
        "costofrevenue": 34376000,
        "tenantreinsuranceexpense": 2873000,
        "acquisitionrelatedcosts": 2427000,
        "generalandadministrativeexpense": 13943000,
        "depreciationdepletionandamortization": 23428000,
        "costsandexpenses": 2873000,
        "operatingincomeloss": 9421000,
        "interestexpense": 16264000,
        "investmentincomeinterest": 202000,
        "interestincomeonnotereceivablefrompreferredpartnershipunitholders": 1213000,
        "incomelossfromcontinuingoperationsbeforeincometaxesminorityinterestandincomelossfromequitymethodinvestments": 31228000,
        "incomelossfromequitymethodinvestments": 3405000,
        "incometaxexpensebenefit": 2281000,
        "minorityinterestinnetincomelosspreferredunitholders": 2033000,
        "minorityinterestinnetincomelossoperatingpartnershipsandother": 1074000,
        "netincomelossavailabletocommonstockholdersbasic": 29245000,
        "earningspersharebasic": 0.27,
        "earningspersharediluted": 0.25,
        "weightedaveragenumberofsharesoutstandingbasic": 86493,
        "weightedaveragenumberofdilutedsharesoutstanding": 2245510,
        "commonstockdividendspersharecashpaid": 0.4
    },
    {
        "date": "2013-06-29",
        "symbol": "EXR",
        "period": "Q2",
        "operatingleasesincomestatementminimumleaserevenue": 107340000,
        "reinsurancepremiumsforinsurancecompaniesbyproductsegmentgrossamount": 12110000,
        "managementfeesrevenue": 6796000,
        "realestaterevenuenet": 2753000,
        "costofrevenue": 33462000,
        "tenantreinsuranceexpense": 2202000,
        "acquisitionrelatedcosts": 683000,
        "generalandadministrativeexpense": 13739000,
        "depreciationdepletionandamortization": 22785000,
        "costsandexpenses": 2202000,
        "operatingincomeloss": 9908000,
        "interestexpense": 18362000,
        "investmentincomeinterest": 133000,
        "interestincomeonnotereceivablefrompreferredpartnershipunitholders": 1212000,
        "incomelossfromcontinuingoperationsbeforeincometaxesminorityinterestandincomelossfromequitymethodinvestments": 37045000,
        "incomelossfromequitymethodinvestments": 2914000,
        "gainlossonsaleofrealestateassetsandpurchaseofpartnersinterests": 0,
        "incometaxexpensebenefit": 2000000,
        "profitloss": 11000,
        "minorityinterestinnetincomelosspreferredunitholders": 1745000,
        "minorityinterestinnetincomelossoperatingpartnershipsandother": 890000,
        "netincomelossavailabletocommonstockholdersbasic": 34466000,
        "earningspersharebasic": 0.30999999999999994,
        "earningspersharediluted": 0.30999999999999994,
        "weightedaveragenumberofsharesoutstandingbasic": 164580,
        "weightedaveragenumberofdilutedsharesoutstanding": 270413,
        "commonstockdividendspersharecashpaid": 0.4,
        "othercomprehensiveincomelossderivativesqualifyingashedgesnetoftax": 18469000,
        "comprehensiveincomenetoftaxincludingportionattributabletononcontrollinginterest": 55570000,
        "comprehensiveincomenetoftaxattributabletononcontrollinginterest": 3237000,
        "comprehensiveincomenetoftax": 52333000
    },
    {
        "date": "2013-03-30",
        "symbol": "EXR",
        "period": "Q1",
        "operatingleasesincomestatementminimumleaserevenue": 102923000,
        "reinsurancepremiumsforinsurancecompaniesbyproductsegmentgrossamount": 10221000,
        "managementfeesrevenue": 6178000,
        "realestaterevenuenet": 10221000,
        "costofrevenue": 34437000,
        "tenantreinsuranceexpense": 1910000,
        "acquisitionrelatedcosts": 452000,
        "generalandadministrativeexpense": 12769000,
        "depreciationdepletionandamortization": 23025000,
        "costsandexpenses": 1910000,
        "operatingincomeloss": 8311000,
        "interestexpense": 17366000,
        "investmentincomeinterest": 184000,
        "interestincomeonnotereceivablefrompreferredpartnershipunitholders": 1213000,
        "incomelossfromcontinuingoperationsbeforeincometaxesminorityinterestandincomelossfromequitymethodinvestments": 30760000,
        "incomelossfromequitymethodinvestments": 2623000,
        "gainlossonsaleofrealestateassetsandpurchaseofpartnersinterests": 2556000,
        "incometaxexpensebenefit": 2866000,
        "profitloss": 12000,
        "minorityinterestinnetincomelosspreferredunitholders": 1717000,
        "minorityinterestinnetincomelossoperatingpartnershipsandother": 789000,
        "netincomelossavailabletocommonstockholdersbasic": 31425000,
        "earningspersharebasic": 0.28,
        "earningspersharediluted": 0.28,
        "weightedaveragenumberofsharesoutstandingbasic": 110809924,
        "weightedaveragenumberofdilutedsharesoutstanding": 114967087,
        "commonstockdividendspersharecashpaid": 0.25,
        "othercomprehensiveincomelossderivativesqualifyingashedgesnetoftax": 1571000,
        "comprehensiveincomenetoftaxincludingportionattributabletononcontrollinginterest": 35502000,
        "comprehensiveincomenetoftaxattributabletononcontrollinginterest": 2563000,
        "comprehensiveincomenetoftax": 32939000
    },
    {
        "date": "2012-09-29",
        "symbol": "EXR",
        "period": "Q3",
        "operatingleasesincomestatementminimumleaserevenue": 94065000,
        "reinsurancepremiumsforinsurancecompaniesbyproductsegmentgrossamount": 9495000,
        "managementfeesrevenue": 6231000,
        "realestaterevenuenet": 9495000,
        "costofrevenue": 30115000,
        "tenantreinsuranceexpense": 1379000,
        "acquisitionrelatedcosts": 2486000,
        "generalandadministrativeexpense": 12559000,
        "depreciationdepletionandamortization": 18805000,
        "costsandexpenses": -110642000,
        "operatingincomeloss": -48236000,
        "interestexpense": 18423000,
        "investmentincomeinterest": 2000,
        "interestincomeonnotereceivablefrompreferredpartnershipunitholders": 1213000,
        "incomelossfromcontinuingoperationsbeforeincometaxesminorityinterestandincomelossfromequitymethodinvestments": 26735000,
        "incomelossfromequitymethodinvestments": 2854000,
        "incometaxexpensebenefit": 2421000,
        "profitloss": 71939000,
        "minorityinterestinnetincomelosspreferredunitholders": 1805000,
        "minorityinterestinnetincomelossoperatingpartnershipsandother": 1142000,
        "netincomelossavailabletocommonstockholdersbasic": 38606000,
        "earningspersharebasic": 0.3800000000000001,
        "earningspersharediluted": 0.3700000000000001,
        "weightedaveragenumberofsharesoutstandingbasic": 1932052,
        "weightedaveragenumberofdilutedsharesoutstanding": 1917611,
        "commonstockdividendspersharecashpaid": 0.19999999999999996,
        "othercomprehensiveincomederivativesqualifyingashedgesnetoftaxperiodincreasedecrease": -3564000,
        "comprehensiveincomenetoftaxincludingportionattributabletononcontrollinginterest": 37989000,
        "comprehensiveincomenetoftaxattributabletononcontrollinginterest": 2814000,
        "comprehensiveincomenetoftax": 35175000
    },
    {
        "date": "2012-06-29",
        "symbol": "EXR",
        "period": "Q2",
        "profitloss": -13224000,
        "othercomprehensiveincomederivativesqualifyingashedgesnetoftaxperiodincreasedecrease": -3517000,
        "comprehensiveincomenetoftaxincludingportionattributabletononcontrollinginterest": 21228000,
        "comprehensiveincomenetoftaxattributabletononcontrollinginterest": 2198000,
        "comprehensiveincomenetoftax": 19030000,
        "operatingleasesincomestatementminimumleaserevenue": 79284000,
        "managementfeesrevenue": 6659000,
        "reinsurancepremiumsforinsurancecompaniesbyproductsegmentgrossamount": 9008000,
        "realestaterevenuenet": -73422000,
        "costofrevenue": 26012000,
        "tenantreinsuranceexpense": 1424000,
        "acquisitionrelatedcosts": 469000,
        "generalandadministrativeexpense": 12545000,
        "depreciationdepletionandamortization": 14694000,
        "costsandexpenses": 57076000,
        "operatingincomeloss": 37875000,
        "interestexpense": 15854000,
        "amortizationofdebtdiscountpremium": 0,
        "investmentincomeinterest": -269000,
        "interestincomeonnotereceivablefrompreferredpartnershipunitholders": 1212000,
        "incomelossfromcontinuingoperationsbeforeincometaxesminorityinterestandincomelossfromequitymethodinvestments": 23681000,
        "incomelossfromequitymethodinvestments": 2698000,
        "gainlossonsaleofinterestinprojects": 0,
        "incometaxexpensebenefit": 1634000,
        "minorityinterestinnetincomelosspreferredunitholders": 1654000,
        "minorityinterestinnetincomelossoperatingpartnershipsandother": 678000,
        "netincomelossavailabletocommonstockholdersbasic": 22413000,
        "earningspersharebasic": 0.22,
        "earningspersharediluted": 0.22,
        "weightedaveragenumberofsharesoutstandingbasic": 3609710,
        "weightedaveragenumberofdilutedsharesoutstanding": 3136213,
        "commonstockdividendspersharecashpaid": 0.2
    },
    {
        "date": "2012-03-30",
        "symbol": "EXR",
        "period": "Q1",
        "operatingleasesincomestatementminimumleaserevenue": 75844000,
        "managementfeesrevenue": 6586000,
        "reinsurancepremiumsforinsurancecompaniesbyproductsegmentgrossamount": 8557000,
        "realestaterevenuenet": 90987000,
        "costofrevenue": 26596000,
        "tenantreinsuranceexpense": 1848000,
        "acquisitionrelatedcosts": 609000,
        "generalandadministrativeexpense": 12640000,
        "depreciationdepletionandamortization": 16524000,
        "costsandexpenses": 58217000,
        "operatingincomeloss": 32770000,
        "interestexpense": 18071000,
        "amortizationofdebtdiscountpremium": 444000,
        "investmentincomeinterest": 275000,
        "interestincomeonnotereceivablefrompreferredpartnershipunitholders": 1213000,
        "incomelossfromcontinuingoperationsbeforeincometaxesminorityinterestandincomelossfromequitymethodinvestments": 15743000,
        "incomelossfromequitymethodinvestments": 2296000,
        "gainlossonsaleofinterestinprojects": 5429000,
        "incometaxexpensebenefit": 950000,
        "profitloss": 22518000,
        "minorityinterestinnetincomelosspreferredunitholders": 1649000,
        "minorityinterestinnetincomelossoperatingpartnershipsandother": 655000,
        "netincomelossavailabletocommonstockholdersbasic": 20214000,
        "earningspersharebasic": 0.21,
        "earningspersharediluted": 0.21,
        "weightedaveragenumberofsharesoutstandingbasic": 94888078,
        "weightedaveragenumberofdilutedsharesoutstanding": 99927352,
        "commonstockdividendspersharecashpaid": 0.2,
        "othercomprehensiveincomederivativesqualifyingashedgesnetoftaxperiodincreasedecrease": -215000,
        "comprehensiveincomenetoftaxincludingportionattributabletononcontrollinginterest": 22303000,
        "comprehensiveincomenetoftaxattributabletononcontrollinginterest": 2295000,
        "comprehensiveincomenetoftax": 20008000
    },
    {
        "date": "2011-09-29",
        "symbol": "EXR",
        "period": "Q3",
        "operatingleasesincomestatementminimumleaserevenue": 69475000,
        "managementfeesrevenue": 6353000,
        "reinsurancepremiumsforinsurancecompaniesbyproductsegmentgrossamount": 8269000,
        "realestaterevenuenet": 8269000,
        "costofrevenue": 24270000,
        "tenantreinsuranceexpense": 1596000,
        "unrecovereddevelopmentandacquisitioncosts": 346000,
        "generalandadministrativeexpense": 12306000,
        "depreciationdepletionandamortization": 13779000,
        "costsandexpenses": 1596000,
        "operatingincomeloss": 6673000,
        "interestexpense": 16756000,
        "amortizationofdebtdiscountpremium": 440000,
        "investmentincomeinterest": 3000,
        "interestincomeonnotereceivablefrompreferredpartnershipunitholders": 1213000,
        "incomelossfromcontinuingoperationsbeforeincometaxesminorityinterestandincomelossfromequitymethodinvestments": 15417000,
        "incomelossfromequitymethodinvestments": 1873000,
        "incometaxexpensebenefit": 169000,
        "profitloss": 4337000,
        "minorityinterestinnetincomelosspreferredunitholders": 1598000,
        "minorityinterestinnetincomelossoperatingpartnershipsandother": 493000,
        "netincomeloss": 15261000,
        "earningspersharebasic": 0.16,
        "earningspersharediluted": 0.16,
        "weightedaveragenumberofsharesoutstandingbasic": 94314429,
        "weightedaveragenumberofdilutedsharesoutstanding": 98867803,
        "commonstockdividendspersharecashpaid": 0.14
    },
    {
        "date": "2011-06-29",
        "symbol": "EXR",
        "period": "Q2",
        "operatingleasesincomestatementminimumleaserevenue": 64300000,
        "managementfeesrevenue": 6144000,
        "reinsurancepremiumsforinsurancecompaniesbyproductsegmentgrossamount": 7596000,
        "realestaterevenuenet": 78040000,
        "costofrevenue": 22712000,
        "tenantreinsuranceexpense": 1382000,
        "unrecovereddevelopmentandacquisitioncosts": 1570000,
        "generalandadministrativeexpense": 12432000,
        "depreciationdepletionandamortization": 14092000,
        "costsandexpenses": 52188000,
        "operatingincomeloss": 25852000,
        "interestexpense": 16261000,
        "amortizationofdebtdiscountpremium": 440000,
        "investmentincomeinterest": 189000,
        "interestincomeonnotereceivablefrompreferredpartnershipunitholders": 1212000,
        "incomelossfromcontinuingoperationsbeforeincometaxesminorityinterestandincomelossfromequitymethodinvestments": 10552000,
        "incomelossfromequitymethodinvestments": 2376000,
        "incometaxexpensebenefit": 411000,
        "profitloss": 12517000,
        "minorityinterestinnetincomelosspreferredunitholders": 1552000,
        "minorityinterestinnetincomelossoperatingpartnershipsandother": 356000,
        "netincomeloss": 10609000,
        "earningspersharebasic": 0.12,
        "earningspersharediluted": 0.12,
        "weightedaveragenumberofsharesoutstandingbasic": 91439042,
        "weightedaveragenumberofdilutedsharesoutstanding": 96010848,
        "commonstockdividendspersharecashpaid": 0.14
    },
    {
        "date": "2011-03-30",
        "symbol": "EXR",
        "period": "Q1",
        "minimumrents": 61490000,
        "managementfeesrevenue": 5967000,
        "reinsurancepremiumsforinsurancecompaniesbyproductsegmentgrossamount": 7024000,
        "realestaterevenuenet": 74481000,
        "costofrevenue": 23344000,
        "tenantreinsuranceexpense": 1615000,
        "unrecovereddevelopmentandacquisitioncosts": 249000,
        "generalandadministrativeexpense": 11658000,
        "depreciationdepletionandamortization": 13585000,
        "costsandexpenses": 50451000,
        "operatingincomeloss": 24030000,
        "interestexpense": 16414000,
        "amortizationofdebtdiscountpremium": 428000,
        "investmentincomeinterest": 182000,
        "interestincomeonnotereceivablefrompreferredpartnershipunitholders": 1213000,
        "incomelossfromcontinuingoperationsbeforeincometaxesminorityinterestandincomelossfromequitymethodinvestments": 8583000,
        "incomelossfromequitymethodinvestments": 1811000,
        "incometaxexpensebenefit": 254000,
        "profitloss": 8301000,
        "minorityinterestinnetincomelosspreferredunitholders": 1532000,
        "minorityinterestinnetincomelossoperatingpartnershipsandother": 307000,
        "netincomeloss": 8301000,
        "earningspersharebasic": 0.09,
        "earningspersharediluted": 0.09,
        "weightedaveragenumberofsharesoutstandingbasic": 88045951,
        "weightedaveragenumberofdilutedsharesoutstanding": 92812067,
        "commonstockdividendspersharecashpaid": 0.14
    },
    {
        "date": "2010-09-29",
        "symbol": "EXR",
        "period": "Q3",
        "minimumrents": 59332000,
        "managementfeesrevenue": 5851000,
        "reinsurancepremiumsforinsurancecompaniesbyproductsegmentgrossamount": 6796000,
        "realestaterevenuenet": 71979000,
        "costofrevenue": 21334000,
        "tenantreinsuranceexpense": 1736000,
        "unrecovereddevelopmentandacquisitioncosts": 211000,
        "lossonsublease": 2000000,
        "generalandadministrativeexpense": 10618000,
        "depreciationdepletionandamortization": 12519000,
        "costsandexpenses": 48418000,
        "operatingincomeloss": 23561000,
        "interestexpense": 15702000,
        "amortizationofdebtdiscountpremium": 416000,
        "investmentincomeinterest": 178000,
        "interestincomeonnotereceivablefrompreferredpartnershipunitholders": 1213000,
        "incomelossfromcontinuingoperationsbeforeincometaxesminorityinterestandincomelossfromequitymethodinvestments": 8834000,
        "incomelossfromequitymethodinvestments": 1736000,
        "incometaxexpensebenefit": 1088000,
        "profitloss": 9482000,
        "minorityinterestinnetincomelosspreferredunitholders": 1524000,
        "minorityinterestinnetincomelossoperatingpartnershipsandother": 291000,
        "netincomeloss": 7667000,
        "earningspersharebasic": 0.09,
        "earningspersharediluted": 0.09,
        "weightedaveragenumberofsharesoutstandingbasic": 87484731,
        "weightedaveragenumberofdilutedsharesoutstanding": 92189852,
        "commonstockdividendspersharecashpaid": 0.1
    },
    {
        "date": "2010-06-29",
        "symbol": "EXR",
        "period": "Q2",
        "minimumrents": 56786000,
        "managementfeesrevenue": 5653000,
        "reinsurancepremiumsforinsurancecompaniesbyproductsegmentgrossamount": 6338000,
        "realestaterevenuenet": 68777000,
        "costofrevenue": 20941000,
        "tenantreinsuranceexpense": 1457000,
        "unrecovereddevelopmentandacquisitioncosts": 142000,
        "generalandadministrativeexpense": 11229000,
        "depreciationdepletionandamortization": 12202000,
        "costsandexpenses": 45971000,
        "operatingincomeloss": 22806000,
        "interestexpense": 16233000,
        "amortizationofdebtdiscountpremium": 416000,
        "investmentincomeinterest": 211000,
        "interestincomeonnotereceivablefrompreferredpartnershipunitholders": 1212000,
        "incomelossfromcontinuingoperationsbeforeincometaxesminorityinterestandincomelossfromequitymethodinvestments": 7580000,
        "incomelossfromequitymethodinvestments": 1559000,
        "incometaxexpensebenefit": 1214000,
        "profitloss": 7925000,
        "minorityinterestinnetincomelosspreferredunitholders": 1507000,
        "minorityinterestinnetincomelossoperatingpartnershipsandother": 238000,
        "netincomeloss": 6180000,
        "earningspersharebasic": 0.07,
        "earningspersharediluted": 0.07,
        "weightedaveragenumberofsharesoutstandingbasic": 87367967,
        "weightedaveragenumberofdilutedsharesoutstanding": 92304831,
        "commonstockdividendspersharecashpaid": 0.1
    }
]