[
    {
        "date": "2024-09-29",
        "symbol": "BKNG",
        "period": "Q3",
        "revenues": 7994000000,
        "marketingexpense": 2151000000,
        "salesandotherexpenses": 872000000,
        "laborandrelatedexpense": 868000000,
        "generalandadministrativeexpense": 575000000,
        "communicationsandinformationtechnology": 194000000,
        "depreciationandamortization": 155000000,
        "operatingexpenses": 4815000000,
        "operatingincomeloss": 3179000000,
        "interestexpensenonoperating": 305000000,
        "investmentincomeinterestanddividend": 327000000,
        "othernonoperatingincomeexpense": -332000000,
        "incomelossfromcontinuingoperationsbeforeincometaxesextraordinaryitemsnoncontrollinginterest": 2869000000,
        "incometaxexpensebenefit": 352000000,
        "netincomelossavailabletocommonstockholdersbasic": 2517000000,
        "earningspersharebasic": 75.37,
        "weightedaveragenumberofsharesoutstandingbasic": 33401000,
        "earningspersharediluted": 74.34,
        "weightedaveragenumberofdilutedsharesoutstanding": 33864000,
        "allocatedsharebasedcompensationexpense": 148000000,
        "othercomprehensiveincomelossnetoftaxportionattributabletoparent": 21000000,
        "comprehensiveincomenetoftax": 2538000000
    },
    {
        "date": "2024-06-29",
        "symbol": "BKNG",
        "period": "Q2",
        "revenues": 3446000000,
        "marketingexpense": 1939000000,
        "salesandotherexpenses": 820000000,
        "laborandrelatedexpense": 807000000,
        "generalandadministrativeexpense": 112000000,
        "communicationsandinformationtechnology": 183000000,
        "depreciationandamortization": 142000000,
        "operatingexpenses": 4003000000,
        "operatingincomeloss": 1856000000,
        "interestexpensenonoperating": 264000000,
        "investmentincomeinterestanddividend": 293000000,
        "othernonoperatingincomeexpense": 37000000,
        "incomelossfromcontinuingoperationsbeforeincometaxesextraordinaryitemsnoncontrollinginterest": 1922000000,
        "incometaxexpensebenefit": 401000000,
        "netincomelossavailabletocommonstockholdersbasic": 1521000000,
        "earningspersharebasic": 44.94,
        "weightedaveragenumberofsharesoutstandingbasic": 33839000,
        "earningspersharediluted": 44.38,
        "weightedaveragenumberofdilutedsharesoutstanding": 34267000,
        "allocatedsharebasedcompensationexpense": 140000000,
        "othercomprehensiveincomelossnetoftaxportionattributabletoparent": 32000000,
        "comprehensiveincomenetoftax": 1553000000
    },
    {
        "date": "2024-03-30",
        "symbol": "BKNG",
        "period": "Q1",
        "revenues": 2388000000,
        "marketingexpense": 1610000000,
        "salesandotherexpenses": 678000000,
        "laborandrelatedexpense": 826000000,
        "generalandadministrativeexpense": 186000000,
        "communicationsandinformationtechnology": 187000000,
        "depreciationandamortization": 137000000,
        "operatingexpenses": 3624000000,
        "operatingincomeloss": 791000000,
        "interestexpense": 219000000,
        "investmentincomeinterestanddividend": 243000000,
        "othernonoperatingincomeexpense": 122000000,
        "incomelossfromcontinuingoperationsbeforeincometaxesextraordinaryitemsnoncontrollinginterest": 937000000,
        "incometaxexpensebenefit": 161000000,
        "netincomelossavailabletocommonstockholdersbasic": 776000000,
        "earningspersharebasic": 22.69,
        "weightedaveragenumberofsharesoutstandingbasic": 34206000,
        "earningspersharediluted": 22.37,
        "weightedaveragenumberofdilutedsharesoutstanding": 34706000,
        "allocatedsharebasedcompensationexpense": 144000000,
        "othercomprehensiveincomelossnetoftaxportionattributabletoparent": -33000000,
        "comprehensiveincomenetoftax": 743000000
    },
    {
        "date": "2023-12-30",
        "symbol": "BKNG",
        "period": "Q4",
        "revenues": 6088000000,
        "marketingexpense": 1433000000,
        "salesandotherexpenses": 813000000,
        "laborandrelatedexpense": 1032000000,
        "generalandadministrativeexpense": 575000000,
        "communicationsandinformationtechnology": 187000000,
        "depreciationandamortization": 134000000,
        "operatingexpenses": 4175000000,
        "operatingincomeloss": 609000000,
        "interestexpense": 208000000,
        "othernonoperatingincomeexpense": 10000000,
        "incomelossfromcontinuingoperationsbeforeincometaxesextraordinaryitemsnoncontrollinginterest": 411000000,
        "incometaxexpensebenefit": 189000000,
        "netincomelossavailabletocommonstockholdersbasic": 222000000,
        "earningspersharebasic": 6.169999999999995,
        "weightedaveragenumberofsharesoutstandingbasic": 36140000,
        "earningspersharediluted": 6.0900000000000105,
        "weightedaveragenumberofdilutedsharesoutstanding": 36530000,
        "allocatedsharebasedcompensationexpense": 161000000,
        "othercomprehensiveincomelossforeigncurrencytransactionandtranslationadjustmentnetoftax": -41000000,
        "comprehensiveincomenetoftax": 184000000
    },
    {
        "date": "2023-09-29",
        "symbol": "BKNG",
        "period": "Q3",
        "revenues": 3945000000,
        "marketingexpense": 2022000000,
        "salesandotherexpenses": 723000000,
        "laborandrelatedexpense": 788000000,
        "generalandadministrativeexpense": 387000000,
        "communicationsandinformationtechnology": 187000000,
        "depreciationandamortization": 129000000,
        "restructuringdisposalandotherexitactivities": 2000000,
        "operatingexpenses": 4238000000,
        "operatingincomeloss": 3103000000,
        "interestexpense": 254000000,
        "othernonoperatingincomeexpense": 300000000,
        "incomelossfromcontinuingoperationsbeforeincometaxesextraordinaryitemsnoncontrollinginterest": 3149000000,
        "incometaxexpensebenefit": 638000000,
        "netincomelossavailabletocommonstockholdersbasic": 2511000000,
        "earningspersharebasic": 70.62,
        "weightedaveragenumberofsharesoutstandingbasic": 35570000,
        "earningspersharediluted": 69.8,
        "weightedaveragenumberofdilutedsharesoutstanding": 35987000,
        "allocatedsharebasedcompensationexpense": 128000000,
        "othercomprehensiveincomelossforeigncurrencytransactionandtranslationadjustmentnetoftax": 4000000,
        "othercomprehensiveincomelossavailableforsalesecuritiesadjustmentnetoftax": 2000000,
        "othercomprehensiveincomelossnetoftaxportionattributabletoparent": 6000000,
        "comprehensiveincomenetoftax": 2517000000
    },
    {
        "date": "2023-06-29",
        "symbol": "BKNG",
        "period": "Q2",
        "revenues": 507000000,
        "marketingexpense": 1801000000,
        "salesandotherexpenses": 666000000,
        "laborandrelatedexpense": 752000000,
        "generalandadministrativeexpense": 304000000,
        "communicationsandinformationtechnology": 144000000,
        "depreciationandamortization": 121000000,
        "restructuringdisposalandotherexitactivities": 1000000,
        "operatingexpenses": 3789000000,
        "operatingincomeloss": 1673000000,
        "interestexpense": 241000000,
        "othernonoperatingincomeexpense": 186000000,
        "incomelossfromcontinuingoperationsbeforeincometaxesextraordinaryitemsnoncontrollinginterest": 1618000000,
        "incometaxexpensebenefit": 328000000,
        "netincomelossavailabletocommonstockholdersbasic": 1290000000,
        "earningspersharebasic": 34.81,
        "weightedaveragenumberofsharesoutstandingbasic": -474000,
        "earningspersharediluted": 34.51,
        "weightedaveragenumberofdilutedsharesoutstanding": -512000,
        "allocatedsharebasedcompensationexpense": 128000000,
        "othercomprehensiveincomelossforeigncurrencytransactionandtranslationadjustmentnetoftax": -24000000,
        "othercomprehensiveincomelossavailableforsalesecuritiesadjustmentnetoftax": 0,
        "othercomprehensiveincomelossnetoftaxportionattributabletoparent": 0,
        "comprehensiveincomenetoftax": 1266000000
    },
    {
        "date": "2023-03-30",
        "symbol": "BKNG",
        "period": "Q1",
        "revenues": 396000000,
        "marketingexpense": 1517000000,
        "salesandotherexpenses": 542000000,
        "laborandrelatedexpense": 722000000,
        "generalandadministrativeexpense": 289000000,
        "communicationsandinformationtechnology": 137000000,
        "depreciationandamortization": 120000000,
        "restructuringdisposalandotherexitactivities": 1000000,
        "operatingexpenses": 3328000000,
        "operatingincomeloss": 450000000,
        "interestexpense": 194000000,
        "othernonoperatingincomeexpense": 47000000,
        "incomelossfromcontinuingoperationsbeforeincometaxesextraordinaryitemsnoncontrollinginterest": 303000000,
        "incometaxexpensebenefit": 37000000,
        "netincomelossavailabletocommonstockholdersbasic": 266000000,
        "earningspersharebasic": 7.07,
        "weightedaveragenumberofsharesoutstandingbasic": 37621000,
        "earningspersharediluted": 7,
        "weightedaveragenumberofdilutedsharesoutstanding": 37983000,
        "allocatedsharebasedcompensationexpense": 113000000,
        "othercomprehensiveincomelossforeigncurrencytransactionandtranslationadjustmentnetoftax": -2000000,
        "othercomprehensiveincomelossavailableforsalesecuritiesadjustmentnetoftax": 2000000,
        "othercomprehensiveincomelossnetoftaxportionattributabletoparent": 2000000,
        "comprehensiveincomenetoftax": 266000000
    },
    {
        "date": "2022-12-30",
        "symbol": "BKNG",
        "period": "Q4",
        "revenues": 6738000000,
        "marketingexpense": 1314000000,
        "salesandotherexpenses": 474000000,
        "laborandrelatedexpense": 598000000,
        "generalandadministrativeexpense": 307000000,
        "communicationsandinformationtechnology": 126000000,
        "depreciationandamortization": 124000000,
        "operatingexpenses": 2704000000,
        "operatingincomeloss": 1345000000,
        "interestexpense": 145000000,
        "othernonoperatingincomeexpense": 252000000,
        "incomelossfromcontinuingoperationsbeforeincometaxesextraordinaryitemsnoncontrollinginterest": 1452000000,
        "incometaxexpensebenefit": 217000000,
        "netincomelossavailabletocommonstockholdersbasic": 1235000000,
        "earningspersharebasic": 30.550000000000004,
        "weightedaveragenumberofsharesoutstandingbasic": -81125000,
        "earningspersharediluted": 30.4,
        "weightedaveragenumberofdilutedsharesoutstanding": -81205000,
        "allocatedsharebasedcompensationexpense": 102000000,
        "othercomprehensiveincomelossforeigncurrencytransactionandtranslationadjustmentnetoftax": 124000000,
        "othercomprehensiveincomelossavailableforsalesecuritiesadjustmentnetoftax": 0,
        "othercomprehensiveincomelossnetoftaxportionattributabletoparent": -73000000,
        "comprehensiveincomenetoftax": 1359000000
    },
    {
        "date": "2022-09-29",
        "symbol": "BKNG",
        "period": "Q3",
        "revenues": 455000000,
        "marketingexpense": 1795000000,
        "salesandotherexpenses": 540000000,
        "laborandrelatedexpense": 636000000,
        "generalandadministrativeexpense": 262000000,
        "communicationsandinformationtechnology": 129000000,
        "depreciationandamortization": 109000000,
        "restructuringsettlementandimpairmentprovisions": -2000000,
        "operatingexpenses": 3469000000,
        "operatingincomeloss": 2583000000,
        "interestexpense": 102000000,
        "othernonoperatingincomeexpense": -305000000,
        "incomelossfromcontinuingoperationsbeforeincometaxesextraordinaryitemsnoncontrollinginterest": 2176000000,
        "incometaxexpensebenefit": 510000000,
        "netincomelossavailabletocommonstockholdersbasic": 1666000000,
        "earningspersharebasic": 42.1,
        "weightedaveragenumberofsharesoutstandingbasic": 39564000,
        "earningspersharediluted": 41.98,
        "weightedaveragenumberofdilutedsharesoutstanding": 39671000,
        "allocatedsharebasedcompensationexpense": 101000000,
        "othercomprehensiveincomelossforeigncurrencytransactionandtranslationadjustmentnetoftax": -127000000,
        "othercomprehensiveincomelossavailableforsalesecuritiesadjustmentnetoftax": -12000000,
        "othercomprehensiveincomelossnetoftaxportionattributabletoparent": -12000000,
        "comprehensiveincomenetoftax": 1527000000
    },
    {
        "date": "2022-06-29",
        "symbol": "BKNG",
        "period": "Q2",
        "revenues": 360000000,
        "marketingexpense": 1737000000,
        "salesandotherexpenses": 465000000,
        "laborandrelatedexpense": 635000000,
        "generalandadministrativeexpense": 207000000,
        "communicationsandinformationtechnology": 137000000,
        "depreciationandamortization": 107000000,
        "restructuringsettlementandimpairmentprovisions": 6000000,
        "operatingexpenses": 3294000000,
        "operatingincomeloss": 1000000000,
        "interestexpense": 76000000,
        "othernonoperatingincomeexpense": 220000000,
        "incomelossfromcontinuingoperationsbeforeincometaxesextraordinaryitemsnoncontrollinginterest": 1144000000,
        "incometaxexpensebenefit": 287000000,
        "netincomelossavailabletocommonstockholdersbasic": 857000000,
        "earningspersharebasic": 21.15,
        "weightedaveragenumberofsharesoutstandingbasic": 40512000,
        "earningspersharediluted": 21.07,
        "weightedaveragenumberofdilutedsharesoutstanding": 40665000,
        "allocatedsharebasedcompensationexpense": 108000000,
        "othercomprehensiveincomelossforeigncurrencytransactionandtranslationadjustmentnetoftax": -70000000,
        "othercomprehensiveincomelossavailableforsalesecuritiesadjustmentnetoftax": 1000000,
        "othercomprehensiveincomelossnetoftaxportionattributabletoparent": 1000000,
        "comprehensiveincomenetoftax": 788000000
    },
    {
        "date": "2022-03-30",
        "symbol": "BKNG",
        "period": "Q1",
        "revenues": 1450000000,
        "marketingexpense": 1147000000,
        "salesandotherexpenses": 339000000,
        "laborandrelatedexpense": 596000000,
        "generalandadministrativeexpense": 158000000,
        "communicationsandinformationtechnology": 134000000,
        "depreciationandamortization": 111000000,
        "restructuringsettlementandimpairmentprovisions": 36000000,
        "operatingexpenses": 2521000000,
        "operatingincomeloss": 174000000,
        "interestexpense": 68000000,
        "othernonoperatingincomeexpense": -955000000,
        "incomelossfromcontinuingoperationsbeforeincometaxesextraordinaryitemsnoncontrollinginterest": -849000000,
        "incometaxexpensebenefit": -149000000,
        "netincomelossavailabletocommonstockholdersbasic": -700000000,
        "earningspersharebasic": -17.1,
        "weightedaveragenumberofsharesoutstandingbasic": 40921000,
        "earningspersharediluted": -17.1,
        "weightedaveragenumberofdilutedsharesoutstanding": 40921000,
        "allocatedsharebasedcompensationexpense": 93000000,
        "othercomprehensiveincomelossforeigncurrencytransactionandtranslationadjustmentnetoftax": -38000000,
        "othercomprehensiveincomelossavailableforsalesecuritiesadjustmentnetoftax": -1000000,
        "othercomprehensiveincomelossnetoftaxportionattributabletoparent": -39000000,
        "comprehensiveincomenetoftax": -739000000
    },
    {
        "date": "2021-12-30",
        "symbol": "BKNG",
        "period": "Q4",
        "revenues": 270000000,
        "marketingexpense": 974000000,
        "salesandotherexpenses": 261000000,
        "laborandrelatedexpense": 485000000,
        "generalandadministrativeexpense": 188000000,
        "communicationsandinformationtechnology": 123000000,
        "depreciationandamortization": 98000000,
        "operatingexpenses": 2133000000,
        "operatingincomeloss": 848000000,
        "interestexpense": 75000000,
        "othernonoperatingincomeexpense": 43000000,
        "incometaxexpensebenefit": 198000000,
        "netincomelossavailabletocommonstockholdersbasic": 618000000,
        "earningspersharebasic": 15.06,
        "weightedaveragenumberofsharesoutstandingbasic": 10000,
        "earningspersharediluted": 14.950000000000001,
        "weightedaveragenumberofdilutedsharesoutstanding": 3000,
        "allocatedsharebasedcompensationexpense": 86000000,
        "othercomprehensiveincomelossforeigncurrencytransactionandtranslationadjustmentnetoftax": -5000000,
        "othercomprehensiveincomelossavailableforsalesecuritiesadjustmentnetoftax": -67000000,
        "othercomprehensiveincomelossnetoftaxportionattributabletoparent": -67000000,
        "comprehensiveincomenetoftax": 546000000
    },
    {
        "date": "2021-09-29",
        "symbol": "BKNG",
        "period": "Q3",
        "revenues": 2867000000,
        "marketingexpense": 1378000000,
        "salesandotherexpenses": 302000000,
        "laborandrelatedexpense": 591000000,
        "generalandadministrativeexpense": 179000000,
        "communicationsandinformationtechnology": 109000000,
        "depreciationandamortization": 102000000,
        "restructuringcharges": 0,
        "operatingexpenses": 2661000000,
        "operatingincomeloss": 2015000000,
        "interestexpense": 80000000,
        "othernonoperatingincomeexpense": -967000000,
        "incometaxexpensebenefit": 199000000,
        "netincomelossavailabletocommonstockholdersbasic": 769000000,
        "earningspersharebasic": 18.75,
        "weightedaveragenumberofsharesoutstandingbasic": -40995000,
        "earningspersharediluted": 18.64,
        "weightedaveragenumberofdilutedsharesoutstanding": -40668000,
        "allocatedsharebasedcompensationexpense": 85000000,
        "othercomprehensiveincomelossforeigncurrencytransactionandtranslationadjustmentnetoftax": -30000000,
        "othercomprehensiveincomelossavailableforsalesecuritiesadjustmentnetoftax": 1000000,
        "othercomprehensiveincomelossnetoftaxportionattributabletoparent": -29000000,
        "comprehensiveincomenetoftax": 740000000
    },
    {
        "date": "2021-06-29",
        "symbol": "BKNG",
        "period": "Q2",
        "revenues": 1328000000,
        "marketingexpense": 988000000,
        "salesandotherexpenses": 206000000,
        "laborandrelatedexpense": 686000000,
        "generalandadministrativeexpense": 134000000,
        "communicationsandinformationtechnology": 93000000,
        "depreciationandamortization": 108000000,
        "restructuringcharges": 1000000,
        "operatingexpenses": 2216000000,
        "operatingincomeloss": -56000000,
        "interestexpense": 81000000,
        "othernonoperatingincomeexpense": 96000000,
        "incomelossfromcontinuingoperationsbeforeincometaxesminorityinterestandincomelossfromequitymethodinvestments": -41000000,
        "incometaxexpensebenefit": 126000000,
        "netincomelossavailabletocommonstockholdersbasic": -167000000,
        "earningspersharebasic": -4.08,
        "weightedaveragenumberofsharesoutstandingbasic": 41054000,
        "earningspersharediluted": -4.08,
        "weightedaveragenumberofdilutedsharesoutstanding": 41054000,
        "allocatedsharebasedcompensationexpense": 90000000,
        "othercomprehensiveincomelossforeigncurrencytransactionandtranslationadjustmentnetoftax": 8000000,
        "othercomprehensiveincomelosscashflowhedgegainlossafterreclassificationandtax": 11000000,
        "othercomprehensiveincomelossavailableforsalesecuritiesadjustmentnetoftax": 98000000,
        "othercomprehensiveincomelossnetoftaxportionattributabletoparent": 117000000,
        "comprehensiveincomenetoftax": -50000000
    },
    {
        "date": "2021-03-30",
        "symbol": "BKNG",
        "period": "Q1",
        "revenues": 717000000,
        "marketingexpense": 461000000,
        "salesandotherexpenses": 112000000,
        "laborandrelatedexpense": 552000000,
        "generalandadministrativeexpense": 119000000,
        "communicationsandinformationtechnology": 87000000,
        "depreciationandamortization": 113000000,
        "restructuringcharges": 8000000,
        "operatingexpenses": 1452000000,
        "operatingincomeloss": -311000000,
        "interestexpense": 98000000,
        "othernonoperatingincomeexpense": 131000000,
        "incomelossfromcontinuingoperationsbeforeincometaxesminorityinterestandincomelossfromequitymethodinvestments": -278000000,
        "incometaxexpensebenefit": -223000000,
        "netincomelossavailabletocommonstockholdersbasic": -55000000,
        "earningspersharebasic": -1.34,
        "weightedaveragenumberofsharesoutstandingbasic": 40973000,
        "earningspersharediluted": -1.34,
        "weightedaveragenumberofdilutedsharesoutstanding": 40973000,
        "allocatedsharebasedcompensationexpense": 109000000,
        "othercomprehensiveincomelossforeigncurrencytransactionandtranslationadjustmentnetoftax": -30000000,
        "othercomprehensiveincomelosscashflowhedgegainlossafterreclassificationandtax": -11000000,
        "othercomprehensiveincomelossavailableforsalesecuritiesadjustmentnetoftax": -1000000,
        "othercomprehensiveincomelossnetoftaxportionattributabletoparent": -42000000,
        "comprehensiveincomenetoftax": -97000000
    },
    {
        "date": "2020-12-30",
        "symbol": "BKNG",
        "period": "Q4",
        "revenues": 810000000,
        "marketingexpense": 386000000,
        "salesandotherexpenses": 118000000,
        "laborandrelatedexpense": 491000000,
        "generalandadministrativeexpense": 128000000,
        "communicationsandinformationtechnology": 80000000,
        "depreciationandamortization": 114000000,
        "operatingexpenses": 1391000000,
        "operatingincomeloss": -153000000,
        "interestexpense": 98000000,
        "incomelossfromcontinuingoperationsbeforeincometaxesminorityinterestandincomelossfromequitymethodinvestments": 245000000,
        "incometaxexpensebenefit": 410000000,
        "netincomelossavailabletocommonstockholdersbasic": -165000000,
        "earningspersharebasic": -4.010000000000002,
        "weightedaveragenumberofsharesoutstandingbasic": -9000,
        "earningspersharediluted": -4,
        "weightedaveragenumberofdilutedsharesoutstanding": 18000,
        "allocatedsharebasedcompensationexpense": 70000000,
        "othercomprehensiveincomelossforeigncurrencytransactionandtranslationadjustmentnetoftax": 53000000,
        "othercomprehensiveincomelossavailableforsalesecuritiesadjustmentnetoftax": 25000000,
        "othercomprehensiveincomelossnetoftaxportionattributabletoparent": 78000000,
        "comprehensiveincomenetoftax": -87000000
    },
    {
        "date": "2020-09-29",
        "symbol": "BKNG",
        "period": "Q3",
        "revenues": 1723000000,
        "marketingexpense": 731000000,
        "salesandotherexpenses": 129000000,
        "laborandrelatedexpense": 517000000,
        "generalandadministrativeexpense": 148000000,
        "communicationsandinformationtechnology": 71000000,
        "depreciationandamortization": 115000000,
        "operatingexpenses": 2325000000,
        "operatingincomeloss": 315000000,
        "investmentincomenet": 5000000,
        "interestexpense": 98000000,
        "foreigncurrencytransactionsandother": 117000000,
        "nonoperatingincomeexpense": 520000000,
        "incomelossfromcontinuingoperationsbeforeincometaxesminorityinterestandincomelossfromequitymethodinvestments": 835000000,
        "incometaxexpensebenefit": 34000000,
        "netincomelossavailabletocommonstockholdersbasic": 801000000,
        "earningspersharebasic": 19.53,
        "weightedaveragenumberofsharesoutstandingbasic": -24000,
        "earningspersharediluted": 19.51,
        "weightedaveragenumberofdilutedsharesoutstanding": 135000,
        "allocatedsharebasedcompensationexpense": 80000000,
        "othercomprehensiveincomelossforeigncurrencytransactionandtranslationadjustmentnetoftax": 42000000,
        "othercomprehensiveincomelossavailableforsalesecuritiesadjustmentnetoftax": -5000000,
        "othercomprehensiveincomelossnetoftaxportionattributabletoparent": 37000000,
        "comprehensiveincomenetoftax": 838000000
    },
    {
        "date": "2020-06-29",
        "symbol": "BKNG",
        "period": "Q2",
        "revenues": 357000000,
        "marketingexpense": 211000000,
        "salesandotherexpenses": 131000000,
        "laborandrelatedexpense": 452000000,
        "generalandadministrativeexpense": 104000000,
        "communicationsandinformationtechnology": 70000000,
        "depreciationandamortization": 112000000,
        "goodwillimpairmentloss": 0,
        "operatingexpenses": 1114000000,
        "operatingincomeloss": -484000000,
        "investmentincomenet": 12000000,
        "interestexpense": 96000000,
        "equitysecuritieswithoutreadilydeterminablefairvalueimpairmentlossannualamount": 0,
        "foreigncurrencytransactionsandother": 58000000,
        "nonoperatingincomeexpense": 693000000,
        "incomelossfromcontinuingoperationsbeforeincometaxesminorityinterestandincomelossfromequitymethodinvestments": 209000000,
        "incometaxexpensebenefit": 87000000,
        "netincomelossavailabletocommonstockholdersbasic": 122000000,
        "earningspersharebasic": 2.9400000000000013,
        "weightedaveragenumberofsharesoutstandingbasic": -86000,
        "earningspersharediluted": 2.9400000000000013,
        "weightedaveragenumberofdilutedsharesoutstanding": -86000,
        "allocatedsharebasedcompensationexpense": 77000000,
        "othercomprehensiveincomelossforeigncurrencytransactionandtranslationadjustmentnetoftax": 32000000,
        "othercomprehensiveincomelossavailableforsalesecuritiesadjustmentnetoftax": 77000000,
        "othercomprehensiveincomelossnetoftaxportionattributabletoparent": 109000000,
        "comprehensiveincomenetoftax": 231000000
    },
    {
        "date": "2020-03-30",
        "symbol": "BKNG",
        "period": "Q1",
        "netincomelossavailabletocommonstockholdersbasic": -699000000,
        "othercomprehensiveincomelossforeigncurrencytransactionandtranslationadjustmentnetoftax": -77000000,
        "othercomprehensiveincomelossavailableforsalesecuritiesadjustmentnetoftax": -74000000,
        "othercomprehensiveincomelossnetoftaxportionattributabletoparent": -151000000,
        "comprehensiveincomenetoftax": -850000000,
        "revenues": 1424000000,
        "marketingexpense": 851000000,
        "salesandotherexpenses": 377000000,
        "laborandrelatedexpense": 484000000,
        "generalandadministrativeexpense": 201000000,
        "communicationsandinformationtechnology": 78000000,
        "depreciationandamortization": 117000000,
        "goodwillimpairmentloss": 489000000,
        "operatingexpenses": 2597000000,
        "operatingincomeloss": -309000000,
        "investmentincomenet": 32000000,
        "interestexpense": 64000000,
        "equitysecuritiesfvniunrealizedgainloss": -307000000,
        "equitysecuritieswithoutreadilydeterminablefairvalueimpairmentlossannualamount": 100000000,
        "foreigncurrencytransactionsandother": -26000000,
        "nonoperatingincomeexpense": -413000000,
        "incomelossfromcontinuingoperationsbeforeincometaxesminorityinterestandincomelossfromequitymethodinvestments": -722000000,
        "incometaxexpensebenefit": -23000000,
        "earningspersharebasic": -17.01,
        "weightedaveragenumberofsharesoutstandingbasic": 41093000,
        "earningspersharediluted": -17.01,
        "weightedaveragenumberofdilutedsharesoutstanding": 41093000,
        "availableforsaledebtsecuritiesamortizedcostbasis": 775000000,
        "allocatedsharebasedcompensationexpense": 6000000
    },
    {
        "date": "2019-12-30",
        "symbol": "BKNG",
        "period": "Q4",
        "netincomelossavailabletocommonstockholdersbasic": 1171000000,
        "othercomprehensiveincomelossforeigncurrencytransactionandtranslationadjustmentnetoftax": 53000000,
        "comprehensiveincomenetoftax": 1245000000,
        "revenues": -1610000000,
        "performancemarketingexpense": 906000000,
        "brandmarketingexpense": 86000000,
        "salesandotherexpenses": 216000000,
        "laborandrelatedexpense": 562000000,
        "generalandadministrativeexpense": 201000000,
        "communicationsandinformationtechnology": 79000000,
        "depreciationandamortization": 117000000,
        "operatingexpenses": 2167000000,
        "operatingincomeloss": 1172000000,
        "investmentincomenet": 39000000,
        "interestexpense": 62000000,
        "equitysecuritiesfvniunrealizedgainloss": 326000000,
        "foreigncurrencytransactionsandother": 55000000,
        "nonoperatingincomeexpense": 248000000,
        "incomelossfromcontinuingoperationsbeforeincometaxesminorityinterestandincomelossfromequitymethodinvestments": 1420000000,
        "incometaxexpensebenefit": 249000000,
        "earningspersharebasic": 28.090000000000007,
        "weightedaveragenumberofsharesoutstandingbasic": -458000,
        "earningspersharediluted": 27.759999999999984,
        "weightedaveragenumberofdilutedsharesoutstanding": -438000,
        "allocatedsharebasedcompensationexpense": 76000000
    },
    {
        "date": "2019-09-29",
        "symbol": "BKNG",
        "period": "Q3",
        "netincomelossavailabletocommonstockholdersbasic": 1950000000,
        "othercomprehensiveincomelossforeigncurrencytransactionandtranslationadjustmentnetoftax": -35000000,
        "othercomprehensiveincomelossavailableforsalesecuritiesadjustmentnetoftax": 0,
        "comprehensiveincomenetoftax": 1915000000,
        "othercomprehensiveincomelossforeigncurrencytranslationadjustmenttax": -27000000,
        "agencyrevenue606": 3435000000,
        "merchantrevenue606": 1313000000,
        "advertisingandotherrevenues": 292000000,
        "revenues": 5040000000,
        "performancemarketingexpense": 1291000000,
        "brandmarketingexpense": 124000000,
        "salesandotherexpenses": 276000000,
        "laborandrelatedexpense": 566000000,
        "generalandadministrativeexpense": 225000000,
        "communicationsandinformationtechnology": 71000000,
        "depreciationandamortization": 117000000,
        "operatingexpenses": 2670000000,
        "operatingincomeloss": 2370000000,
        "investmentincomenet": 44000000,
        "interestexpense": 70000000,
        "equitysecuritiesfvniunrealizedgainloss": 311000000,
        "foreigncurrencytransactionsandother": -68000000,
        "nonoperatingincomeexpense": -7000000,
        "incomelossfromcontinuingoperationsbeforeincometaxesminorityinterestandincomelossfromequitymethodinvestments": 2363000000,
        "incometaxexpensebenefit": 413000000,
        "earningspersharebasic": 45.209999999999994,
        "weightedaveragenumberofsharesoutstandingbasic": -44718000,
        "earningspersharediluted": 44.77,
        "weightedaveragenumberofdilutedsharesoutstanding": -45090000,
        "allocatedsharebasedcompensationexpense": 79000000
    },
    {
        "date": "2019-06-29",
        "symbol": "BKNG",
        "period": "Q2",
        "othercomprehensiveincomelossreclassificationadjustmentfromaociforsaleofsecuritiesbeforetax": 10000000,
        "netincomelossavailabletocommonstockholdersbasic": 979000000,
        "othercomprehensiveincomelossforeigncurrencytransactionandtranslationadjustmentnetoftax": -16000000,
        "othercomprehensiveincomelossavailableforsalesecuritiesadjustmentnetoftax": -45000000,
        "comprehensiveincomenetoftax": 918000000,
        "othercomprehensiveincomelossreclassificationadjustmentfromaociforsaleofsecuritiesnetoftax": 9000000,
        "othercomprehensiveincomelossforeigncurrencytranslationadjustmenttax": -15000000,
        "othercomprehensiveincomelossavailableforsalesecuritiestax": -15000000,
        "agencyrevenue606": 2607000000,
        "merchantrevenue606": 959000000,
        "advertisingandotherrevenues": 284000000,
        "revenues": 3850000000,
        "performancemarketingexpense": 1192000000,
        "brandmarketingexpense": 175000000,
        "salesandotherexpenses": 248000000,
        "laborandrelatedexpense": 619000000,
        "generalandadministrativeexpense": 180000000,
        "communicationsandinformationtechnology": 70000000,
        "depreciationandamortization": 119000000,
        "operatingexpenses": 2603000000,
        "operatingincomeloss": 1247000000,
        "investmentincomenet": 34000000,
        "interestexpense": 68000000,
        "equitysecuritiesfvniunrealizedgainloss": 17000000,
        "foreigncurrencytransactionsandother": 23000000,
        "nonoperatingincomeexpense": -40000000,
        "incomelossfromcontinuingoperationsbeforeincometaxesminorityinterestandincomelossfromequitymethodinvestments": 1207000000,
        "incometaxexpensebenefit": 228000000,
        "earningspersharebasic": 22.62,
        "weightedaveragenumberofsharesoutstandingbasic": 43251000,
        "earningspersharediluted": 22.44,
        "weightedaveragenumberofdilutedsharesoutstanding": 43601000,
        "allocatedsharebasedcompensationexpense": 79000000
    },
    {
        "date": "2019-03-30",
        "symbol": "BKNG",
        "period": "Q1",
        "netincomelossavailabletocommonstockholdersbasic": 765000000,
        "othercomprehensiveincomelossforeigncurrencytransactionandtranslationadjustmentnetoftax": -12000000,
        "othercomprehensiveincomelossavailableforsalesecuritiesadjustmentnetoftax": 159000000,
        "comprehensiveincomenetoftax": 912000000,
        "realizedinvestmentgainslosses": 1000000,
        "othercomprehensiveincomelossforeigncurrencytranslationadjustmenttax": 19000000,
        "othercomprehensiveincomelossavailableforsalesecuritiestax": 51000000,
        "agencyrevenue606": 1949000000,
        "merchantrevenue606": 603000000,
        "advertisingandotherrevenues": 285000000,
        "revenues": 2837000000,
        "performancemarketingexpense": 1030000000,
        "brandmarketingexpense": 163000000,
        "salesandotherexpenses": 215000000,
        "laborandrelatedexpense": 501000000,
        "generalandadministrativeexpense": 191000000,
        "communicationsandinformationtechnology": 65000000,
        "depreciationandamortization": 116000000,
        "operatingexpenses": 2281000000,
        "operatingincomeloss": 556000000,
        "investmentincomenet": 35000000,
        "interestexpense": 66000000,
        "equitysecuritiesfvniunrealizedgainloss": 91000000,
        "foreigncurrencytransactionsandother": 8000000,
        "nonoperatingincomeexpense": 412000000,
        "incomelossfromcontinuingoperationsbeforeincometaxesminorityinterestandincomelossfromequitymethodinvestments": 968000000,
        "incometaxexpensebenefit": 203000000,
        "earningspersharebasic": 17.01,
        "weightedaveragenumberofsharesoutstandingbasic": 45007000,
        "earningspersharediluted": 16.85,
        "weightedaveragenumberofdilutedsharesoutstanding": 45436000,
        "allocatedsharebasedcompensationexpense": 74000000
    },
    {
        "date": "2018-12-30",
        "symbol": "BKNG",
        "period": "Q4",
        "netincomelossavailabletocommonstockholdersbasic": 645840000,
        "othercomprehensiveincomelossforeigncurrencytransactionandtranslationadjustmentnetoftax": -23062000,
        "othercomprehensiveincomelossavailableforsalesecuritiesadjustmentnetoftax": -60238000,
        "comprehensiveincomenetoftax": 803628000,
        "othercomprehensiveincomelossforeigncurrencytranslationadjustmenttax": 16300000,
        "othercomprehensiveincomelossavailableforsalesecuritiesnontaxable": -51500000,
        "othercomprehensiveincomelossavailableforsalesecuritiestaxable": -6500000,
        "othercomprehensiveincomelossavailableforsalesecuritiestax": -1800000,
        "agencyrevenue606": -117826000,
        "agencyrevenue605": 2141668000,
        "merchantrevenue606": 6611000,
        "merchantrevenue605": 707619000,
        "costofgoodsandservicessold": 35114000,
        "performancemarketingexpense": 878591000,
        "brandmarketingexpense": 123738000,
        "salesandotherexpenses": 217427000,
        "laborandrelatedexpense": 484128000,
        "generalandadministrativeexpense": 193760000,
        "communicationsandinformationtechnology": 55867000,
        "depreciationandamortization": 108603000,
        "operatingexpenses": 2069694000,
        "operatingincomeloss": 1142921000,
        "interestexpense": 65758000,
        "equitysecuritiesfvniunrealizedgainloss": -474221000,
        "foreigncurrencytransactionsandother": 16566000,
        "nonoperatingincomeexpense": -511015000,
        "incomelossfromcontinuingoperationsbeforeincometaxesminorityinterestandincomelossfromequitymethodinvestments": 631906000,
        "incometaxexpensebenefit": -42763000,
        "earningspersharebasic": 11.960000000000008,
        "weightedaveragenumberofsharesoutstandingbasic": -441000,
        "earningspersharediluted": 11.909999999999997,
        "weightedaveragenumberofdilutedsharesoutstanding": -513000,
        "allocatedsharebasedcompensationexpense": 101000000
    },
    {
        "date": "2018-09-29",
        "symbol": "BKNG",
        "period": "Q3",
        "netincomelossavailabletocommonstockholdersbasic": 1718405000,
        "othercomprehensiveincomelossforeigncurrencytransactionandtranslationadjustmentnetoftax": -23952000,
        "othercomprehensiveincomelossavailableforsalesecuritiesadjustmentnetoftax": -133571000,
        "comprehensiveincomenetoftax": 1610055000,
        "othercomprehensiveincomelossforeigncurrencytranslationadjustmenttax": 5900000,
        "othercomprehensiveincomelossavailableforsalesecuritiestax": 5500000,
        "othercomprehensiveincomelossavailableforsalesecuritiesnontaxable": -155300000,
        "othercomprehensiveincomelossavailableforsalesecuritiestaxable": 22400000,
        "agencyrevenue606": 55148000,
        "agencyrevenue605": 3596022000,
        "merchantrevenue606": 48712000,
        "merchantrevenue605": 1098373000,
        "costofgoodsandservicessold": 44936000,
        "performancemarketingexpense": 1317305000,
        "brandmarketingexpense": 160126000,
        "salesandotherexpenses": 243180000,
        "laborandrelatedexpense": 536735000,
        "generalandadministrativeexpense": 183314000,
        "communicationsandinformationtechnology": 57742000,
        "depreciationandamortization": 107641000,
        "operatingexpenses": 2602501000,
        "operatingincomeloss": 2246589000,
        "interestexpense": 68170000,
        "equitysecuritiesfvniunrealizedgainloss": 30821000,
        "foreigncurrencytransactionsandother": 16121000,
        "nonoperatingincomeexpense": -5743000,
        "incomelossfromcontinuingoperationsbeforeincometaxesminorityinterestandincomelossfromequitymethodinvestments": 2240846000,
        "incometaxexpensebenefit": 485010000,
        "earningspersharebasic": 38.06999999999999,
        "weightedaveragenumberofsharesoutstandingbasic": -315000,
        "earningspersharediluted": 37.580000000000005,
        "weightedaveragenumberofdilutedsharesoutstanding": -347000,
        "allocatedsharebasedcompensationexpense": 70000000
    },
    {
        "date": "2018-06-29",
        "symbol": "BKNG",
        "period": "Q2",
        "netincomelossavailabletocommonstockholdersbasic": 971230000,
        "othercomprehensiveincomelossforeigncurrencytransactionandtranslationadjustmentnetoftax": -127862000,
        "othercomprehensiveincomelossequitysecuritiesreclassificationadjustmenttoretainedearningsasu201601netoftax": 0,
        "othercomprehensiveincomelossavailableforsalesecuritiesadjustmentnetoftax": -4827000,
        "comprehensiveincomenetoftax": 844683000,
        "othercomprehensiveincomelossforeigncurrencytranslationadjustmenttax": 57300000,
        "othercomprehensiveincomelossequitysecuritiesreclassificationadjustmentstoretainedearningsasu201601tax": 0,
        "othercomprehensiveincomelossavailableforsalesecuritiestax": 2800000,
        "othercomprehensiveincomeavailableforsalesecuritiesadjustmentbeforetaxportionattributabletoparent": -4300000,
        "othercomprehensiveincomelossavailableforsalesecuritiesnontaxable": -15600000,
        "othercomprehensiveincomelossavailableforsalesecuritiestaxable": 11300000,
        "agencyrevenue606": -3309000,
        "agencyrevenue605": 2562984000,
        "merchantrevenue606": 40137000,
        "merchantrevenue605": 750001000,
        "costofgoodsandservicessold": 44290000,
        "performancemarketingexpense": 1140503000,
        "brandmarketingexpense": 123734000,
        "salesandotherexpenses": 203388000,
        "laborandrelatedexpense": 522250000,
        "generalandadministrativeexpense": 158986000,
        "communicationsandinformationtechnology": 58950000,
        "depreciationandamortization": 106666000,
        "operatingexpenses": 2315839000,
        "operatingincomeloss": 1221255000,
        "investmentincomeinterest": 45690000,
        "interestexpense": 64837000,
        "equitysecuritiesfvniunrealizedgainloss": 21886000,
        "foreigncurrencytransactionsandother": 16112000,
        "nonoperatingincomeexpense": -12344000,
        "incomelossfromcontinuingoperationsbeforeincometaxesminorityinterestandincomelossfromequitymethodinvestments": 1208911000,
        "incometaxexpensebenefit": 230528000,
        "earningspersharebasic": 20.19,
        "weightedaveragenumberofsharesoutstandingbasic": -147000,
        "earningspersharediluted": 19.97,
        "weightedaveragenumberofdilutedsharesoutstanding": -328000,
        "allocatedsharebasedcompensationexpense": 74595000
    },
    {
        "date": "2018-03-30",
        "symbol": "BKNG",
        "period": "Q1",
        "netincomelossavailabletocommonstockholdersbasic": 662525000,
        "othercomprehensiveincomelossforeigncurrencytransactionandtranslationadjustmentnetoftax": 60876000,
        "othercomprehensiveincomelossequitysecuritiesreclassificationadjustmenttoretainedearningsasu201601netoftax": -241088000,
        "othercomprehensiveincomelossavailableforsalesecuritiesadjustmentnetoftax": -364000,
        "comprehensiveincomenetoftax": 426634000,
        "othercomprehensiveincomelossforeigncurrencytranslationadjustmenttax": -26500000,
        "othercomprehensiveincomeavailableforsalesecuritiesadjustmentbeforetaxportionattributabletoparent": -1800000,
        "othercomprehensiveincomelossavailableforsalesecuritiesnontaxable": 32400000,
        "othercomprehensiveincomelossavailableforsalesecuritiestaxable": -34200000,
        "othercomprehensiveincomelossavailableforsalesecuritiestax": -8500000,
        "othercomprehensiveincomelossequitysecuritiesreclassificationadjustmentstoretainedearningsasu201601tax": 57597000,
        "agencyrevenue606": 55987000,
        "agencyrevenue605": 2169326000,
        "merchantrevenue606": 61540000,
        "merchantrevenue605": 588007000,
        "othersalesrevenuenet": 288486000,
        "salesrevenuenet": 2928201000,
        "costofgoodsandservicessold": 45660000,
        "performancemarketingexpense": 1108601000,
        "brandmarketingexpense": 101402000,
        "salesandotherexpenses": 166005000,
        "laborandrelatedexpense": 498887000,
        "generalandadministrativeexpense": 162940000,
        "communicationsandinformationtechnology": 60441000,
        "depreciationandamortization": 103090000,
        "operatingexpenses": 2197966000,
        "operatingincomeloss": 730235000,
        "investmentincomeinterest": 46879000,
        "interestexpense": 70235000,
        "equitysecuritiesfvniunrealizedgainloss": 54514000,
        "foreigncurrencytransactionsandother": 6201000,
        "nonoperatingincomeexpense": 23102000,
        "incomelossfromcontinuingoperationsbeforeincometaxesminorityinterestandincomelossfromequitymethodinvestments": 753337000,
        "incometaxexpensebenefit": 161225000,
        "earningspersharebasic": 13.7,
        "weightedaveragenumberofsharesoutstandingbasic": 48349000,
        "earningspersharediluted": 13.46,
        "weightedaveragenumberofdilutedsharesoutstanding": 49205000,
        "allocatedsharebasedcompensationexpense": 71405000
    },
    {
        "date": "2017-09-29",
        "symbol": "BKNG",
        "period": "Q3",
        "netincomelossavailabletocommonstockholdersbasic": 1720391000,
        "othercomprehensiveincomelossforeigncurrencytransactionandtranslationadjustmentnetoftax": 111628000,
        "othercomprehensiveincomelossavailableforsalesecuritiesadjustmentnetoftax": -31877000,
        "comprehensiveincomenetoftax": 1800142000,
        "othercomprehensiveincomelossforeigncurrencytranslationadjustmenttax": -59607000,
        "othercomprehensiveincomelossavailableforsalesecuritiestax": 8618000,
        "othercomprehensiveincomelossavailableforsalesecuritiesnontaxable": -57728000,
        "agencyrevenue": 3523706000,
        "merchantrevenue": 684289000,
        "othersalesrevenuenet": 226034000,
        "salesrevenuenet": 4434029000,
        "costofgoodsandservicessold": 59476000,
        "grossprofit": 4374553000,
        "performanceadvertisingexpense": 1224345000,
        "brandadvertisingexpense": 112796000,
        "sellingandmarketingexpense": 165539000,
        "laborandrelatedexpense": 483438000,
        "generalandadministrativeexpense": 142823000,
        "communicationsandinformationtechnology": 47901000,
        "depreciationandamortization": 95910000,
        "operatingexpenses": 2272752000,
        "operatingincomeloss": 2101801000,
        "investmentincomeinterest": 41483000,
        "interestexpense": 66338000,
        "foreigncurrencytransactionsandother": 10101000,
        "nonoperatingincomeexpense": -34956000,
        "incomelossfromcontinuingoperationsbeforeincometaxesminorityinterestandincomelossfromequitymethodinvestments": 2066845000,
        "incometaxexpensebenefit": 346454000,
        "earningspersharebasic": 35.12,
        "weightedaveragenumberofsharesoutstandingbasic": 48981000,
        "earningspersharediluted": 34.43,
        "weightedaveragenumberofdilutedsharesoutstanding": 49972000,
        "allocatedsharebasedcompensationexpense": 200000
    },
    {
        "date": "2017-06-29",
        "symbol": "BKNG",
        "period": "Q2",
        "netincomelossavailabletocommonstockholdersbasic": 720209000,
        "othercomprehensiveincomelossforeigncurrencytransactionandtranslationadjustmentnetoftax": 139883000,
        "othercomprehensiveincomelossavailableforsalesecuritiesadjustmentnetoftax": 186977000,
        "comprehensiveincomenetoftax": 1047069000,
        "othercomprehensiveincomelossforeigncurrencytranslationadjustmenttax": -100608000,
        "othercomprehensiveincomelossavailableforsalesecuritiestax": 8076000,
        "othercomprehensiveincomelossavailableforsalesecuritiesnontaxable": 161389000,
        "agencyrevenue": 2332371000,
        "merchantrevenue": 498133000,
        "othersalesrevenuenet": 194052000,
        "salesrevenuenet": 3024556000,
        "costofgoodsandservicessold": 72742000,
        "grossprofit": 2951814000,
        "performanceadvertisingexpense": 1147589000,
        "brandadvertisingexpense": 121187000,
        "sellingandmarketingexpense": 131734000,
        "laborandrelatedexpense": 385708000,
        "generalandadministrativeexpense": 141634000,
        "communicationsandinformationtechnology": 44831000,
        "depreciationandamortization": 85872000,
        "operatingexpenses": 2058555000,
        "operatingincomeloss": 893259000,
        "investmentincomeinterest": 36821000,
        "interestexpense": 60942000,
        "foreigncurrencytransactionsandother": 6021000,
        "nonoperatingincomeexpense": -30142000,
        "incomelossfromcontinuingoperationsbeforeincometaxesminorityinterestandincomelossfromequitymethodinvestments": 863117000,
        "incometaxexpensebenefit": 142908000,
        "earningspersharebasic": 14.66,
        "weightedaveragenumberofsharesoutstandingbasic": 49131000,
        "earningspersharediluted": 14.39,
        "weightedaveragenumberofdilutedsharesoutstanding": 50056000,
        "allocatedsharebasedcompensationexpense": 300000
    },
    {
        "date": "2017-03-30",
        "symbol": "BKNG",
        "period": "Q1",
        "netincomelossavailabletocommonstockholdersbasic": 455623000,
        "othercomprehensiveincomelossforeigncurrencytransactionandtranslationadjustmentnetoftax": 35805000,
        "othercomprehensiveincomelossavailableforsalesecuritiesadjustmentnetoftax": 345934000,
        "comprehensiveincomenetoftax": 837362000,
        "othercomprehensiveincomelossforeigncurrencytranslationadjustmenttax": -19733000,
        "othercomprehensiveincomelossavailableforsalesecuritiestax": 7855000,
        "othercomprehensiveincomelossavailableforsalesecuritiesnontaxable": 323688000,
        "agencyrevenue": 1785313000,
        "merchantrevenue": 442045000,
        "othersalesrevenuenet": 192046000,
        "salesrevenuenet": 2419404000,
        "costofgoodsandservicessold": 85169000,
        "grossprofit": 2334235000,
        "performanceadvertisingexpense": 980773000,
        "brandadvertisingexpense": 73012000,
        "sellingandmarketingexpense": 114036000,
        "laborandrelatedexpense": 351030000,
        "generalandadministrativeexpense": 135547000,
        "communicationsandinformationtechnology": 39945000,
        "depreciationandamortization": 83430000,
        "operatingexpenses": 1777773000,
        "operatingincomeloss": 556462000,
        "investmentincomeinterest": 31992000,
        "interestexpense": 55717000,
        "foreigncurrencytransactionsandother": 5127000,
        "nonoperatingincomeexpense": -28852000,
        "incomelossfromcontinuingoperationsbeforeincometaxesminorityinterestandincomelossfromequitymethodinvestments": 527610000,
        "incometaxexpensebenefit": 71987000,
        "earningspersharebasic": 9.26,
        "weightedaveragenumberofsharesoutstandingbasic": 49192000,
        "earningspersharediluted": 9.11,
        "weightedaveragenumberofdilutedsharesoutstanding": 50025000,
        "allocatedsharebasedcompensationexpense": 300000
    },
    {
        "date": "2016-09-29",
        "symbol": "BKNG",
        "period": "Q3",
        "netincomelossavailabletocommonstockholdersbasic": 506017000,
        "othercomprehensiveincomelossforeigncurrencytransactionandtranslationadjustmentnetoftax": 13539000,
        "othercomprehensiveincomelossavailableforsalesecuritiesadjustmentnetoftax": 173365000,
        "comprehensiveincomenetoftax": 692921000,
        "othercomprehensiveincomelossforeigncurrencytranslationadjustmenttax": -12867000,
        "othercomprehensiveincomelossavailableforsalesecuritiestax": 1900000,
        "agencyrevenue": 2892449000,
        "merchantrevenue": 620290000,
        "othersalesrevenuenet": 177813000,
        "salesrevenuenet": 3690552000,
        "costofgoodsandservicessold": 101489000,
        "grossprofit": 3589063000,
        "performanceadvertisingexpense": 1040149000,
        "brandadvertisingexpense": 72792000,
        "sellingandmarketingexpense": 124865000,
        "laborandrelatedexpense": 347610000,
        "generalandadministrativeexpense": 114586000,
        "communicationsandinformationtechnology": 36389000,
        "depreciationandamortization": 78745000,
        "operatingexpenses": 2755836000,
        "operatingincomeloss": 833227000,
        "investmentincomeinterest": 24218000,
        "interestexpense": 55480000,
        "foreigncurrencytransactionsandother": 4431000,
        "costmethodinvestmentsotherthantemporaryimpairment": 9858000,
        "nonoperatingincomeexpense": -35693000,
        "incomelossfromcontinuingoperationsbeforeincometaxesminorityinterestandincomelossfromequitymethodinvestments": 797534000,
        "incometaxexpensebenefit": 291517000,
        "earningspersharebasic": 10.239999999999998,
        "weightedaveragenumberofsharesoutstandingbasic": -49686000,
        "earningspersharediluted": 10.120000000000005,
        "weightedaveragenumberofdilutedsharesoutstanding": -50140000,
        "allocatedsharebasedcompensationexpense": 1000000
    },
    {
        "date": "2016-06-29",
        "symbol": "BKNG",
        "period": "Q2",
        "netincomelossavailabletocommonstockholdersbasic": 580638000,
        "othercomprehensiveincomelossforeigncurrencytransactionandtranslationadjustmentnetoftax": -50285000,
        "othercomprehensiveincomelossavailableforsalesecuritiesadjustmentnetoftax": -112038000,
        "comprehensiveincomenetoftax": 418315000,
        "othercomprehensiveincomelossforeigncurrencytranslationadjustmenttax": 26940000,
        "othercomprehensiveincomelossavailableforsalesecuritiestax": 5796000,
        "agencyrevenue": 1852961000,
        "merchantrevenue": 517867000,
        "othersalesrevenuenet": 185074000,
        "salesrevenuenet": 2555902000,
        "costofgoodsandservicessold": 126084000,
        "grossprofit": 2429818000,
        "performanceadvertisingexpense": 920763000,
        "brandadvertisingexpense": 112321000,
        "sellingandmarketingexpense": 105522000,
        "laborandrelatedexpense": 332654000,
        "generalandadministrativeexpense": 112642000,
        "communicationsandinformationtechnology": 35797000,
        "depreciationandamortization": 77712000,
        "operatingexpenses": 1697411000,
        "operatingincomeloss": 732407000,
        "investmentincomeinterest": 21292000,
        "interestexpense": 50290000,
        "foreigncurrencytransactionsandother": -1997000,
        "costmethodinvestmentsotherthantemporaryimpairment": 3000000,
        "nonoperatingincomeexpense": -39859000,
        "incomelossfromcontinuingoperationsbeforeincometaxesminorityinterestandincomelossfromequitymethodinvestments": 692548000,
        "incometaxexpensebenefit": 111910000,
        "earningspersharebasic": 11.71,
        "weightedaveragenumberofsharesoutstandingbasic": 49604000,
        "earningspersharediluted": 11.6,
        "weightedaveragenumberofdilutedsharesoutstanding": 50059000,
        "allocatedsharebasedcompensationexpense": 2400000
    },
    {
        "date": "2016-03-30",
        "symbol": "BKNG",
        "period": "Q1",
        "netincomelossavailabletocommonstockholdersbasic": 374424000,
        "othercomprehensiveincomelossforeigncurrencytransactionandtranslationadjustmentnetoftax": 77372000,
        "othercomprehensiveincomelossavailableforsalesecuritiesadjustmentnetoftax": -24459000,
        "comprehensiveincomenetoftax": 427337000,
        "othercomprehensiveincomelossforeigncurrencytranslationadjustmenttax": -61096000,
        "othercomprehensiveincomelossavailableforsalesecuritiestax": 29128000,
        "agencyrevenue": 1500029000,
        "merchantrevenue": 470032000,
        "othersalesrevenuenet": 178058000,
        "salesrevenuenet": 2148119000,
        "costofgoodsandservicessold": 128669000,
        "grossprofit": 2019450000,
        "performanceadvertisingexpense": 779909000,
        "brandadvertisingexpense": 69845000,
        "sellingandmarketingexpense": 92323000,
        "laborandrelatedexpense": 308351000,
        "generalandadministrativeexpense": 113045000,
        "communicationsandinformationtechnology": 32788000,
        "depreciationandamortization": 72871000,
        "operatingexpenses": 1469132000,
        "operatingincomeloss": 550318000,
        "investmentincomeinterest": 20347000,
        "interestexpense": 46894000,
        "foreigncurrencytransactionsandother": 12928000,
        "costmethodinvestmentsotherthantemporaryimpairment": 50350000,
        "nonoperatingincomeexpense": -89825000,
        "incomelossfromcontinuingoperationsbeforeincometaxesminorityinterestandincomelossfromequitymethodinvestments": 460493000,
        "incometaxexpensebenefit": 86069000,
        "earningspersharebasic": 7.54,
        "weightedaveragenumberofsharesoutstandingbasic": 49630000,
        "earningspersharediluted": 7.47,
        "weightedaveragenumberofdilutedsharesoutstanding": 50129000,
        "allocatedsharebasedcompensationexpense": 2900000
    },
    {
        "date": "2015-09-29",
        "symbol": "BKNG",
        "period": "Q3",
        "profitloss": 1196732000,
        "othercomprehensiveincomelossforeigncurrencytransactionandtranslationadjustmentnetoftax": -8043000,
        "othercomprehensiveincomeunrealizedholdinggainlossonsecuritiesarisingduringperiodnetoftax": -134299000,
        "comprehensiveincomenetoftaxincludingportionattributabletononcontrollinginterest": 1054390000,
        "othercomprehensiveincomeforeigncurrencytranslationfornetinvestmenthedgearisingduringperiodtax": -89000,
        "othercomprehensiveincomeunrealizedholdinggainlossonsecuritiesarisingduringperiodtax": -2184000,
        "agencyrevenue": 2345673000,
        "merchantrevenue": 596503000,
        "othersalesrevenuenet": 160725000,
        "salesrevenuenet": 3102901000,
        "costofgoodsandservicessold": 155619000,
        "grossprofit": 2947282000,
        "onlineadvertisingexpense": 801147000,
        "offlineadvertisingexpense": 51440000,
        "sellingandmarketingexpense": 93069000,
        "laborandrelatedexpense": 305329000,
        "generalandadministrativeexpense": 109706000,
        "communicationsandinformationtechnology": 28830000,
        "depreciationandamortization": 69054000,
        "operatingexpenses": 1458575000,
        "operatingincomeloss": 1488707000,
        "investmentincomeinterest": 14682000,
        "interestexpense": 41436000,
        "foreigncurrencytransactionsandother": 5783000,
        "nonoperatingincomeexpense": -32537000,
        "incomelossfromcontinuingoperationsbeforeincometaxesminorityinterestandincomelossfromequitymethodinvestments": 1456170000,
        "incometaxexpensebenefit": 259438000,
        "earningspersharebasic": 23.67,
        "weightedaveragenumberofsharesoutstandingbasic": 50550000,
        "earningspersharediluted": 23.41,
        "weightedaveragenumberofdilutedsharesoutstanding": 51130000,
        "allocatedsharebasedcompensationexpense": 4800000
    },
    {
        "date": "2015-06-29",
        "symbol": "BKNG",
        "period": "Q2",
        "profitloss": 517032000,
        "othercomprehensiveincomelossforeigncurrencytransactionandtranslationadjustmentnetoftax": 56983000,
        "othercomprehensiveincomeunrealizedholdinggainlossonsecuritiesarisingduringperiodnetoftax": 124439000,
        "comprehensiveincomenetoftaxincludingportionattributabletononcontrollinginterest": 698454000,
        "othercomprehensiveincomeforeigncurrencytranslationfornetinvestmenthedgearisingduringperiodtax": -34586000,
        "othercomprehensiveincomeunrealizedholdinggainlossonsecuritiesarisingduringperiodtax": -11596000,
        "agencyrevenue": 1582153000,
        "merchantrevenue": 546013000,
        "othersalesrevenuenet": 152231000,
        "salesrevenuenet": 2280397000,
        "costofgoodsandservicessold": 187491000,
        "grossprofit": 2092906000,
        "onlineadvertisingexpense": 770818000,
        "offlineadvertisingexpense": 66303000,
        "sellingandmarketingexpense": 94523000,
        "laborandrelatedexpense": 289156000,
        "generalandadministrativeexpense": 98945000,
        "communicationsandinformationtechnology": 27156000,
        "depreciationandamortization": 67674000,
        "operatingexpenses": 1414575000,
        "operatingincomeloss": 678331000,
        "investmentincomeinterest": 13037000,
        "interestexpense": 41547000,
        "foreigncurrencytransactionsandother": 1444000,
        "nonoperatingincomeexpense": -29954000,
        "incomelossfromcontinuingoperationsbeforeincometaxesminorityinterestandincomelossfromequitymethodinvestments": 648377000,
        "incometaxexpensebenefit": 131345000,
        "earningspersharebasic": 10.02,
        "weightedaveragenumberofsharesoutstandingbasic": 51589000,
        "earningspersharediluted": 9.94,
        "weightedaveragenumberofdilutedsharesoutstanding": 52038000,
        "allocatedsharebasedcompensationexpense": 7600000
    },
    {
        "date": "2015-03-30",
        "symbol": "BKNG",
        "period": "Q1",
        "profitloss": 333327000,
        "othercomprehensiveincomelossforeigncurrencytransactionandtranslationadjustmentnetoftax": -127011000,
        "othercomprehensiveincomeunrealizedholdinggainlossonsecuritiesarisingduringperiodnetoftax": 162368000,
        "comprehensiveincomenetoftaxincludingportionattributabletononcontrollinginterest": 368684000,
        "othercomprehensiveincomeforeigncurrencytranslationfornetinvestmenthedgearisingduringperiodtax": 76605000,
        "othercomprehensiveincomeunrealizedholdinggainlossonsecuritiesarisingduringperiodtax": 9976000,
        "marketablesecuritiesrealizedgainloss": 1800000,
        "agencyrevenue": 1199348000,
        "merchantrevenue": 494675000,
        "othersalesrevenuenet": 146671000,
        "salesrevenuenet": 1840694000,
        "costofgoodsandservicessold": 168458000,
        "grossprofit": 1672236000,
        "onlineadvertisingexpense": 643216000,
        "offlineadvertisingexpense": 63582000,
        "sellingandmarketingexpense": 81944000,
        "laborandrelatedexpense": 258984000,
        "generalandadministrativeexpense": 100178000,
        "communicationsandinformationtechnology": 25361000,
        "depreciationandamortization": 65002000,
        "operatingexpenses": 1238267000,
        "operatingincomeloss": 433969000,
        "investmentincomeinterest": 11596000,
        "interestexpense": 33479000,
        "foreigncurrencytransactionsandother": 4843000,
        "nonoperatingincomeexpense": -26726000,
        "incomelossfromcontinuingoperationsbeforeincometaxesminorityinterestandincomelossfromequitymethodinvestments": 407243000,
        "incometaxexpensebenefit": 73916000,
        "earningspersharebasic": 6.42,
        "weightedaveragenumberofsharesoutstandingbasic": 51909000,
        "earningspersharediluted": 6.36,
        "weightedaveragenumberofdilutedsharesoutstanding": 52406000,
        "allocatedsharebasedcompensationexpense": 7400000
    },
    {
        "date": "2014-09-29",
        "symbol": "BKNG",
        "period": "Q3",
        "profitloss": 1062253000,
        "othercomprehensiveincomeforeigncurrencytransactionandtranslationgainlossarisingduringperiodnetoftax": -124412000,
        "othercomprehensiveincomeunrealizedholdinggainlossonsecuritiesarisingduringperiodnetoftax": -26127000,
        "comprehensiveincomenetoftaxincludingportionattributabletononcontrollinginterest": 911714000,
        "comprehensiveincomenetoftax": 911714000,
        "othercomprehensiveincomeforeigncurrencytranslationfornetinvestmenthedgearisingduringperiodtax": 18046000,
        "othercomprehensiveincomeunrealizedholdinggainlossonsecuritiesarisingduringperiodtax": -8747000,
        "agencyrevenue": 2099629000,
        "merchantrevenue": 613535000,
        "othersalesrevenuenet": 123333000,
        "salesrevenuenet": 2836497000,
        "costofgoodsandservicessold": 216519000,
        "grossprofit": 2619978000,
        "onlineadvertisingexpense": 699814000,
        "offlineadvertisingexpense": 71593000,
        "sellingandmarketingexpense": 86092000,
        "laborandrelatedexpense": 259471000,
        "generalandadministrativeexpense": 97902000,
        "communicationsandinformationtechnology": 24802000,
        "depreciationandamortization": 57599000,
        "operatingexpenses": 1297273000,
        "operatingincomeloss": 1322705000,
        "investmentincomeinterest": 2490000,
        "interestexpense": 22953000,
        "foreigncurrencytransactionsandother": -3347000,
        "nonoperatingincomeexpense": -17116000,
        "incomelossfromcontinuingoperationsbeforeequitymethodinvestmentsincometaxesextraordinaryitems": 1305589000,
        "incometaxexpensebenefit": 243336000,
        "netincomelossavailabletocommonstockholdersbasic": 1062253000,
        "earningspersharebasic": 20.27,
        "weightedaveragenumberofsharesoutstandingbasic": 52405000,
        "earningspersharediluted": 20.03,
        "weightedaveragenumberofdilutedsharesoutstanding": 53024000,
        "allocatedsharebasedcompensationexpense": 8100000
    },
    {
        "date": "2014-06-29",
        "symbol": "BKNG",
        "period": "Q2",
        "profitloss": 576451000,
        "othercomprehensiveincomeforeigncurrencytransactionandtranslationgainlossarisingduringperiodnetoftax": -14499000,
        "othercomprehensiveincomeunrealizedholdinggainlossonsecuritiesarisingduringperiodnetoftax": 83000,
        "comprehensiveincomenetoftaxincludingportionattributabletononcontrollinginterest": 562035000,
        "comprehensiveincomenetoftax": 562035000,
        "othercomprehensiveincomeforeigncurrencytranslationfornetinvestmenthedgearisingduringperiodtax": 14208000,
        "othercomprehensiveincomeunrealizedholdinggainlossonsecuritiesarisingduringperiodtax": 5000,
        "agencyrevenue": 1474396000,
        "merchantrevenue": 567253000,
        "othersalesrevenuenet": 81926000,
        "salesrevenuenet": 2123575000,
        "costofgoodsandservicessold": 240579000,
        "grossprofit": 1882996000,
        "onlineadvertisingexpense": 639655000,
        "offlineadvertisingexpense": 58026000,
        "sellingandmarketingexpense": 75053000,
        "laborandrelatedexpense": 221852000,
        "generalandadministrativeexpense": 91067000,
        "communicationsandinformationtechnology": 24042000,
        "depreciationandamortization": 40287000,
        "operatingexpenses": 1149982000,
        "operatingincomeloss": 733014000,
        "investmentincomeinterest": 1634000,
        "interestexpense": 17106000,
        "foreigncurrencytransactionsandother": 1777000,
        "nonoperatingincomeexpense": -17249000,
        "incomelossfromcontinuingoperationsbeforeequitymethodinvestmentsincometaxesextraordinaryitems": 715765000,
        "incometaxexpensebenefit": 139314000,
        "netincomelossavailabletocommonstockholdersbasic": 576451000,
        "earningspersharebasic": 11,
        "weightedaveragenumberofsharesoutstandingbasic": 52397000,
        "earningspersharediluted": 10.89,
        "weightedaveragenumberofdilutedsharesoutstanding": 52955000,
        "allocatedsharebasedcompensationexpense": 2700000
    },
    {
        "date": "2014-03-30",
        "symbol": "BKNG",
        "period": "Q1",
        "profitloss": 331218000,
        "othercomprehensiveincomeforeigncurrencytransactionandtranslationgainlossarisingduringperiodnetoftax": 7914000,
        "othercomprehensiveincomeunrealizedholdinggainlossonsecuritiesarisingduringperiodnetoftax": 108000,
        "comprehensiveincomenetoftaxincludingportionattributabletononcontrollinginterest": 339240000,
        "comprehensiveincomenetoftax": 339240000,
        "othercomprehensiveincomeforeigncurrencytranslationfornetinvestmenthedgearisingduringperiodtax": 1137000,
        "othercomprehensiveincomeunrealizedholdinggainlossonsecuritiesarisingduringperiodtax": 49000,
        "agencyrevenue": 1041144000,
        "merchantrevenue": 526998000,
        "othersalesrevenuenet": 73660000,
        "salesrevenuenet": 1641802000,
        "costofgoodsandservicessold": 235331000,
        "grossprofit": 1406471000,
        "onlineadvertisingexpense": 520848000,
        "offlineadvertisingexpense": 53474000,
        "sellingandmarketingexpense": 64311000,
        "laborandrelatedexpense": 194531000,
        "generalandadministrativeexpense": 72981000,
        "communicationsandinformationtechnology": 23224000,
        "depreciationandamortization": 38376000,
        "operatingexpenses": 967745000,
        "operatingincomeloss": 438726000,
        "investmentincomeinterest": 1041000,
        "interestexpense": 17745000,
        "foreigncurrencytransactionsandother": -5969000,
        "nonoperatingincomeexpense": -22673000,
        "incomelossfromcontinuingoperationsbeforeequitymethodinvestmentsincometaxesextraordinaryitems": 416053000,
        "incometaxexpensebenefit": 84835000,
        "netincomelossavailabletocommonstockholdersbasic": 331218000,
        "earningspersharebasic": 6.35,
        "weightedaveragenumberofsharesoutstandingbasic": 52153000,
        "earningspersharediluted": 6.25,
        "weightedaveragenumberofdilutedsharesoutstanding": 53018000,
        "allocatedsharebasedcompensationexpense": 4100000
    },
    {
        "date": "2013-09-29",
        "symbol": "BKNG",
        "period": "Q3",
        "profitloss": 832989000,
        "othercomprehensiveincomeforeigncurrencytransactionandtranslationgainlossarisingduringperiodnetoftax": 114366000,
        "othercomprehensiveincomeunrealizedholdinggainlossonsecuritiesarisingduringperiodnetoftax": 977000,
        "comprehensiveincomenetoftaxincludingportionattributabletononcontrollinginterest": 948332000,
        "comprehensiveincomenetoftaxattributabletononcontrollinginterest": 0,
        "comprehensiveincomenetoftax": 948332000,
        "othercomprehensiveincomeforeigncurrencytranslationfornetinvestmenthedgearisingduringperiodtax": -42254000,
        "othercomprehensiveincomeunrealizedholdinggainlossonsecuritiesarisingduringperiodtax": 452000,
        "agencyrevenue": 1576434000,
        "merchantrevenue": 620904000,
        "othersalesrevenuenet": 72565000,
        "salesrevenuenet": 2269903000,
        "costofgoodsandservicessold": 280838000,
        "grossprofit": 1989065000,
        "onlineadvertisingexpense": 533164000,
        "offlineadvertisingexpense": 39891000,
        "sellingandmarketingexpense": 65274000,
        "laborandrelatedexpense": 186443000,
        "generalandadministrativeexpense": 63113000,
        "communicationsandinformationtechnology": 18536000,
        "depreciationandamortization": 35747000,
        "operatingexpenses": 942168000,
        "operatingincomeloss": 1046897000,
        "investmentincomeinterest": 867000,
        "interestexpense": 24135000,
        "foreigncurrencytransactionsandother": -3278000,
        "nonoperatingincomeexpense": -26546000,
        "incomelossfromcontinuingoperationsbeforeequitymethodinvestmentsincometaxesextraordinaryitems": 1020351000,
        "incometaxexpensebenefit": 187362000,
        "netincomelossattributabletoredeemablenoncontrollinginterest": 0,
        "netincomelossavailabletocommonstockholdersbasic": 832989000,
        "earningspersharebasic": 16.369999999999997,
        "weightedaveragenumberofsharesoutstandingbasic": -50009000,
        "earningspersharediluted": 15.85,
        "weightedaveragenumberofdilutedsharesoutstanding": -51238000,
        "allocatedsharebasedcompensationexpense": 58287000
    },
    {
        "date": "2013-06-29",
        "symbol": "BKNG",
        "period": "Q2",
        "profitloss": 437440000,
        "othercomprehensiveincomeforeigncurrencytransactionandtranslationgainlossarisingduringperiodnetoftax": 14787000,
        "othercomprehensiveincomeunrealizedholdinggainlossonsecuritiesarisingduringperiodnetoftax": -540000,
        "comprehensiveincomenetoftaxincludingportionattributabletononcontrollinginterest": 451687000,
        "comprehensiveincomenetoftaxattributabletononcontrollinginterest": 1883000,
        "comprehensiveincomenetoftax": 449804000,
        "othercomprehensiveincomeforeigncurrencytranslationfornetinvestmenthedgearisingduringperiodtax": -12613000,
        "othercomprehensiveincomeunrealizedholdinggainlossonsecuritiesarisingduringperiodtax": -258000,
        "agencyrevenue": 1064640000,
        "merchantrevenue": 580224000,
        "othersalesrevenuenet": 35374000,
        "salesrevenuenet": 1680238000,
        "costofgoodsandservicessold": 296383000,
        "grossprofit": 1383855000,
        "onlineadvertisingexpense": 463135000,
        "offlineadvertisingexpense": 32130000,
        "sellingandmarketingexpense": 59855000,
        "laborandrelatedexpense": 165997000,
        "generalandadministrativeexpense": 64921000,
        "communicationsandinformationtechnology": 16959000,
        "depreciationandamortization": 26027000,
        "operatingexpenses": 829024000,
        "operatingincomeloss": 554831000,
        "investmentincomeinterest": 1141000,
        "interestexpense": 19633000,
        "foreigncurrencytransactionsandother": -782000,
        "nonoperatingincomeexpense": -19274000,
        "incomelossfromcontinuingoperationsbeforeequitymethodinvestmentsincometaxesextraordinaryitems": 535557000,
        "incometaxexpensebenefit": 98117000,
        "netincomelossattributabletoredeemablenoncontrollinginterest": 114000,
        "netincomelossavailabletocommonstockholdersbasic": 437326000,
        "earningspersharebasic": 8.62,
        "weightedaveragenumberofsharesoutstandingbasic": 50760000,
        "earningspersharediluted": 8.39,
        "weightedaveragenumberofdilutedsharesoutstanding": 52111000,
        "allocatedsharebasedcompensationexpense": 11000000
    },
    {
        "date": "2013-03-30",
        "symbol": "BKNG",
        "period": "Q1",
        "profitloss": 244292000,
        "othercomprehensiveincomeforeigncurrencytransactionandtranslationgainlossarisingduringperiodnetoftax": -76606000,
        "othercomprehensiveincomeunrealizedholdinggainlossonsecuritiesarisingduringperiodnetoftax": 39000,
        "comprehensiveincomenetoftaxincludingportionattributabletononcontrollinginterest": 167725000,
        "comprehensiveincomenetoftaxattributabletononcontrollinginterest": -12162000,
        "comprehensiveincomenetoftax": 179887000,
        "othercomprehensiveincomeforeigncurrencytranslationfornetinvestmenthedgearisingduringperiodtax": 26898000,
        "othercomprehensiveincomeunrealizedholdinggainlossonsecuritiesarisingduringperiodtax": 7000,
        "agencyrevenue": 769928000,
        "merchantrevenue": 528564000,
        "othersalesrevenuenet": 3520000,
        "salesrevenuenet": 1302012000,
        "costofgoodsandservicessold": 292347000,
        "grossprofit": 1009665000,
        "onlineadvertisingexpense": 403153000,
        "offlineadvertisingexpense": 27729000,
        "sellingandmarketingexpense": 52263000,
        "laborandrelatedexpense": 134218000,
        "generalandadministrativeexpense": 50161000,
        "communicationsandinformationtechnology": 13222000,
        "depreciationandamortization": 19080000,
        "operatingexpenses": 699826000,
        "operatingincomeloss": 309839000,
        "investmentincomeinterest": 874000,
        "interestexpense": 17329000,
        "foreigncurrencytransactionsandother": -2942000,
        "nonoperatingincomeexpense": -19397000,
        "incomelossfromcontinuingoperationsbeforeequitymethodinvestmentsincometaxesextraordinaryitems": 290442000,
        "incometaxexpensebenefit": 46150000,
        "netincomelossattributabletoredeemablenoncontrollinginterest": 21000,
        "netincomelossavailabletocommonstockholdersbasic": 244271000,
        "earningspersharebasic": 4.89,
        "weightedaveragenumberofsharesoutstandingbasic": 49939000,
        "earningspersharediluted": 4.76,
        "weightedaveragenumberofdilutedsharesoutstanding": 51353000,
        "allocatedsharebasedcompensationexpense": 21709000
    },
    {
        "date": "2012-09-29",
        "symbol": "BKNG",
        "period": "Q3",
        "profitloss": 599973000,
        "othercomprehensiveincomeforeigncurrencytransactionandtranslationgainlossarisingduringperiodnetoftax": 48366000,
        "othercomprehensiveincomeunrealizedholdinggainlossonsecuritiesarisingduringperiodnetoftax": 244000,
        "comprehensiveincomenetoftaxincludingportionattributabletononcontrollinginterest": 648583000,
        "comprehensiveincomenetoftaxattributabletononcontrollinginterest": 7222000,
        "comprehensiveincomenetoftax": 641361000,
        "othercomprehensiveincomeunrealizedholdinggainlossonsecuritiesarisingduringperiodtax": 178000,
        "othercomprehensiveincomeforeigncurrencytranslationgainlossarisingduringperiodtax": -7965000,
        "agencyrevenue": 1118128000,
        "merchantrevenue": 584969000,
        "othersalesrevenuenet": 3213000,
        "salesrevenuenet": 1706310000,
        "costofgoodsandservicessold": 309809000,
        "grossprofit": 1396501000,
        "onlineadvertisingexpense": 375204000,
        "offlineadvertisingexpense": 8441000,
        "sellingandmarketingexpense": 52961000,
        "laborandrelatedexpense": 135210000,
        "generalandadministrativeexpense": 42287000,
        "communicationsandinformationtechnology": 10799000,
        "depreciationandamortization": 16007000,
        "operatingexpenses": 640909000,
        "operatingincomeloss": 755592000,
        "investmentincomeinterest": 905000,
        "interestexpense": 17067000,
        "foreigncurrencytransactionsandother": -8256000,
        "nonoperatingincomeexpense": -24418000,
        "incomelossfromcontinuingoperationsbeforeequitymethodinvestmentsincometaxesextraordinaryitems": 731174000,
        "incometaxexpensebenefit": 131201000,
        "netincomelossattributabletoredeemablenoncontrollinginterest": 3387000,
        "netincomelossavailabletocommonstockholdersbasic": 596586000,
        "earningspersharebasic": 11.97,
        "weightedaveragenumberofsharesoutstandingbasic": 49851000,
        "earningspersharediluted": 11.66,
        "weightedaveragenumberofdilutedsharesoutstanding": 51185000,
        "allocatedsharebasedcompensationexpense": 17600000
    },
    {
        "date": "2012-06-29",
        "symbol": "BKNG",
        "period": "Q2",
        "profitloss": 352654000,
        "othercomprehensiveincomeforeigncurrencytransactionandtranslationgainlossarisingduringperiodnetoftax": -60107000,
        "othercomprehensiveincomeunrealizedholdinggainlossonsecuritiesarisingduringperiodnetoftax": -14000,
        "comprehensiveincomenetoftaxincludingportionattributabletononcontrollinginterest": 292533000,
        "comprehensiveincomenetoftaxattributabletononcontrollinginterest": -3279000,
        "comprehensiveincomenetoftax": 295812000,
        "othercomprehensiveincomeunrealizedholdinggainlossonsecuritiesarisingduringperiodtax": 7000,
        "othercomprehensiveincomeforeigncurrencytranslationgainlossarisingduringperiodtax": 23697000,
        "agencyrevenue": 771996000,
        "merchantrevenue": 551024000,
        "othersalesrevenuenet": 3739000,
        "salesrevenuenet": 1326759000,
        "costofgoodsandservicessold": 322617000,
        "grossprofit": 1004142000,
        "onlineadvertisingexpense": 314480000,
        "offlineadvertisingexpense": 9922000,
        "sellingandmarketingexpense": 47445000,
        "laborandrelatedexpense": 108030000,
        "generalandadministrativeexpense": 39807000,
        "communicationsandinformationtechnology": 10440000,
        "depreciationandamortization": 15663000,
        "operatingexpenses": 545787000,
        "operatingincomeloss": 458355000,
        "investmentincomeinterest": 1001000,
        "interestexpense": 16882000,
        "foreigncurrencytransactionsandother": 3205000,
        "nonoperatingincomeexpense": -12676000,
        "incomelossfromcontinuingoperationsbeforeequitymethodinvestmentsincometaxesextraordinaryitems": 445679000,
        "incometaxexpensebenefit": 93025000,
        "netincomelossattributabletoredeemablenoncontrollinginterest": 307000,
        "netincomelossavailabletocommonstockholdersbasic": 352347000,
        "earningspersharebasic": 7.07,
        "weightedaveragenumberofsharesoutstandingbasic": 49812000,
        "earningspersharediluted": 6.88,
        "weightedaveragenumberofdilutedsharesoutstanding": 51226000,
        "allocatedsharebasedcompensationexpense": 17600000
    },
    {
        "date": "2012-03-30",
        "symbol": "BKNG",
        "period": "Q1",
        "profitloss": 181816000,
        "othercomprehensiveincomeforeigncurrencytransactionandtranslationgainlossarisingduringperiodnetoftax": 41455000,
        "othercomprehensiveincomeunrealizedholdinggainlossonsecuritiesarisingduringperiodnetoftax": -774000,
        "comprehensiveincomenetoftaxincludingportionattributabletononcontrollinginterest": 222497000,
        "comprehensiveincomenetoftaxattributabletononcontrollinginterest": 4057000,
        "comprehensiveincomenetoftax": 218440000,
        "othercomprehensiveincomeunrealizedholdinggainlossonsecuritiesarisingduringperiodtax": -352000,
        "othercomprehensiveincomeforeigncurrencytranslationgainlossarisingduringperiodtax": -12962000,
        "merchantrevenue": 496409000,
        "agencyrevenue": 537627000,
        "othersalesrevenuenet": 3211000,
        "salesrevenuenet": 1037247000,
        "costofgoodsandservicessold": 293959000,
        "grossprofit": 743288000,
        "onlineadvertisingexpense": 277136000,
        "offlineadvertisingexpense": 11157000,
        "sellingandmarketingexpense": 45537000,
        "laborandrelatedexpense": 100676000,
        "generalandadministrativeexpense": 40674000,
        "communicationsandinformationtechnology": 10735000,
        "depreciationandamortization": 15842000,
        "operatingexpenses": 501757000,
        "operatingincomeloss": 241531000,
        "investmentincomeinterest": 1098000,
        "interestexpense": 11258000,
        "foreigncurrencytransactionsandother": -2376000,
        "nonoperatingincomeexpense": -12536000,
        "incomelossfromcontinuingoperationsbeforeequitymethodinvestmentsincometaxesextraordinaryitems": 228995000,
        "incometaxexpensebenefit": 47179000,
        "netincomelossattributabletoredeemablenoncontrollinginterest": -154000,
        "netincomelossavailabletocommonstockholdersbasic": 181970000,
        "earningspersharebasic": 3.65,
        "weightedaveragenumberofsharesoutstandingbasic": 49827000,
        "earningspersharediluted": 3.54,
        "weightedaveragenumberofdilutedsharesoutstanding": 51347000,
        "sharebasedcompensation": 16523000
    },
    {
        "date": "2011-09-29",
        "symbol": "BKNG",
        "period": "Q3",
        "allocatedsharebasedcompensationexpense": 13298000,
        "merchantrevenue": 573230000,
        "agencyrevenue": 876601000,
        "othersalesrevenuenet": 2973000,
        "salesrevenuenet": 1452804000,
        "costofgoodsandservicessold": 352656000,
        "grossprofit": 1100148000,
        "onlineadvertisingexpense": 279926000,
        "offlineadvertisingexpense": 8035000,
        "sellingandmarketingexpense": 47124000,
        "laborandrelatedexpense": 94463000,
        "generalandadministrativeexpense": 31717000,
        "communicationsandinformationtechnology": 8548000,
        "depreciationandamortization": 13957000,
        "operatingexpenses": 483770000,
        "operatingincomeloss": 616378000,
        "investmentincomeinterest": 2526000,
        "interestexpense": 7879000,
        "foreigncurrencytransactionsandother": 827000,
        "nonoperatingincomeexpense": -4526000,
        "incomelossfromcontinuingoperationsbeforeincometaxesminorityinterestandincomelossfromequitymethodinvestments": 611852000,
        "incometaxexpensebenefit": 138966000,
        "profitloss": 472886000,
        "netincomelossattributabletoredeemablenoncontrollinginterest": 3387000,
        "netincomelossavailabletocommonstockholdersbasic": 469499000,
        "earningspersharebasic": 9.43,
        "weightedaveragenumberofsharesoutstandingbasic": 49779000,
        "earningspersharediluted": 9.17,
        "weightedaveragenumberofdilutedsharesoutstanding": 51184000
    },
    {
        "date": "2011-06-29",
        "symbol": "BKNG",
        "period": "Q2",
        "allocatedsharebasedcompensationexpense": 13113000,
        "merchantrevenue": 530530000,
        "agencyrevenue": 569181000,
        "othersalesrevenuenet": 3005000,
        "salesrevenuenet": 1102716000,
        "costofgoodsandservicessold": 353489000,
        "grossprofit": 749227000,
        "onlineadvertisingexpense": 236282000,
        "offlineadvertisingexpense": 9815000,
        "sellingandmarketingexpense": 41030000,
        "laborandrelatedexpense": 85766000,
        "generalandadministrativeexpense": 29736000,
        "communicationsandinformationtechnology": 8239000,
        "depreciationandamortization": 13651000,
        "operatingexpenses": 424519000,
        "operatingincomeloss": 324708000,
        "investmentincomeinterest": 2129000,
        "interestexpense": 7795000,
        "foreigncurrencytransactionsandother": -2451000,
        "nonoperatingincomeexpense": -8117000,
        "incomelossfromcontinuingoperationsbeforeincometaxesminorityinterestandincomelossfromequitymethodinvestments": 316591000,
        "incometaxexpensebenefit": 60314000,
        "profitloss": 256277000,
        "netincomelossattributabletoredeemablenoncontrollinginterest": -91000,
        "netincomelossavailabletocommonstockholdersbasic": 256368000,
        "earningspersharebasic": 5.16,
        "weightedaveragenumberofsharesoutstandingbasic": 49718000,
        "earningspersharediluted": 5.02,
        "weightedaveragenumberofdilutedsharesoutstanding": 51105000
    },
    {
        "date": "2011-03-30",
        "symbol": "BKNG",
        "period": "Q1",
        "allocatedsharebasedcompensationexpense": 13993000,
        "merchantrevenue": 454804000,
        "agencyrevenue": 351422000,
        "othersalesrevenuenet": 3094000,
        "salesrevenuenet": 809320000,
        "costofgoodsandservicessold": 303512000,
        "grossprofit": 505808000,
        "offlineadvertisingexpense": 11614000,
        "onlineadvertisingexpense": 185108000,
        "sellingandmarketingexpense": 34778000,
        "laborandrelatedexpense": 75221000,
        "generalandadministrativeexpense": 25879000,
        "communicationsandinformationtechnology": 6670000,
        "depreciationandamortization": 12479000,
        "operatingexpenses": 351749000,
        "operatingincomeloss": 154059000,
        "investmentincomeinterest": 1421000,
        "interestexpense": 7715000,
        "foreigncurrencytransactionsandother": -7073000,
        "nonoperatingincomeexpense": -13367000,
        "incomelossfromcontinuingoperationsbeforeincometaxesminorityinterestandincomelossfromequitymethodinvestments": 140692000,
        "incometaxexpensebenefit": 36679000,
        "profitloss": 104013000,
        "netincomelossattributabletononcontrollinginterest": -777000,
        "netincomelossavailabletocommonstockholdersbasic": 104790000,
        "earningspersharebasic": 2.12,
        "weightedaveragenumberofsharesoutstandingbasic": 49319000,
        "earningspersharediluted": 2.05,
        "weightedaveragenumberofdilutedsharesoutstanding": 51159000
    },
    {
        "date": "2010-09-29",
        "symbol": "BKNG",
        "period": "Q3",
        "sharebasedcompensation": 21176000,
        "merchantrevenue": 494473000,
        "agencyrevenue": 504010000,
        "othersalesrevenuenet": 3274000,
        "salesrevenuenet": 1001757000,
        "costofgoodsandservicessold": 335569000,
        "grossprofit": 666188000,
        "offlineadvertisingexpense": 7773000,
        "onlineadvertisingexpense": 172727000,
        "sellingandmarketingexpense": 33060000,
        "laborandrelatedexpense": 82007000,
        "generalandadministrativeexpense": 15730000,
        "communicationsandinformationtechnology": 5347000,
        "depreciationdepletionandamortization": 12775000,
        "operatingexpenses": 329419000,
        "operatingincomeloss": 336769000,
        "investmentincomeinterest": 918000,
        "interestexpense": 8293000,
        "foreigncurrencytransactionsandother": -10715000,
        "nonoperatingincomeexpense": -18090000,
        "incomelossfromcontinuingoperationsbeforeincometaxesminorityinterestandincomelossfromequitymethodinvestments": 318679000,
        "incometaxexpensebenefit": 94119000,
        "profitloss": 224560000,
        "netincomelossattributabletononcontrollinginterest": 1580000,
        "netincomeloss": 222980000,
        "earningspersharebasic": 4.59,
        "weightedaveragenumberofsharesoutstandingbasic": 48570000,
        "earningspersharediluted": 4.41,
        "weightedaveragenumberofdilutedsharesoutstanding": 50559000
    },
    {
        "date": "2010-06-29",
        "symbol": "BKNG",
        "period": "Q2",
        "sharebasedcompensation": 15465000,
        "merchantrevenue": 446669000,
        "agencyrevenue": 317512000,
        "othersalesrevenuenet": 3258000,
        "salesrevenuenet": 767439000,
        "costofgoodsandservicessold": 322184000,
        "grossprofit": 445255000,
        "offlineadvertisingexpense": 10123000,
        "onlineadvertisingexpense": 132518000,
        "sellingandmarketingexpense": 28490000,
        "laborandrelatedexpense": 62850000,
        "generalandadministrativeexpense": 22462000,
        "communicationsandinformationtechnology": 4895000,
        "depreciationdepletionandamortization": 10758000,
        "operatingexpenses": 272096000,
        "operatingincomeloss": 173159000,
        "investmentincomeinterest": 940000,
        "interestexpense": 9267000,
        "foreigncurrencytransactionsandother": 1039000,
        "nonoperatingincomeexpense": -7288000,
        "incomelossfromcontinuingoperationsbeforeincometaxesminorityinterestandincomelossfromequitymethodinvestments": 165871000,
        "incometaxexpensebenefit": 51275000,
        "profitloss": 114596000,
        "netincomelossattributabletononcontrollinginterest": -361000,
        "netincomeloss": 114957000,
        "earningspersharebasic": 2.41,
        "weightedaveragenumberofsharesoutstandingbasic": 47791000,
        "earningspersharediluted": 2.26,
        "weightedaveragenumberofdilutedsharesoutstanding": 50847000
    }
]