[
    {
        "date": "2024-09-29",
        "symbol": "NET",
        "period": "Q3",
        "revenuefromcontractwithcustomerexcludingassessedtax": 430082000,
        "costofrevenue": 95967000,
        "grossprofit": 334115000,
        "sellingandmarketingexpense": 185221000,
        "researchanddevelopmentexpense": 110911000,
        "generalandadministrativeexpense": 68777000,
        "operatingexpenses": 364909000,
        "operatingincomeloss": -30794000,
        "investmentincomenonoperating": 22471000,
        "interestexpensenonoperating": 1433000,
        "othernonoperatingincomeexpense": -3066000,
        "nonoperatingincomeexpense": 17972000,
        "incomelossfromcontinuingoperationsbeforeincometaxesextraordinaryitemsnoncontrollinginterest": -12822000,
        "incometaxexpensebenefit": 2500000,
        "netincomeloss": -1699000,
        "earningspersharebasic": -0.04,
        "earningspersharediluted": -0.04,
        "weightedaveragenumberofsharesoutstandingbasic": 37941000,
        "weightedaveragenumberofdilutedsharesoutstanding": 37941000,
        "othercomprehensiveincomelossavailableforsalesecuritiesadjustmentnetoftax": 9656000,
        "othercomprehensiveincomelosscashflowhedgegainlossbeforereclassificationaftertax": 8821000,
        "othercomprehensiveincomelosscashflowhedgegainlossreclassificationaftertax": 1211000,
        "othercomprehensiveincomelosscashflowhedgegainlossafterreclassificationandtax": 7610000,
        "othercomprehensiveincomelossnetoftaxportionattributabletoparent": 17266000,
        "comprehensiveincomenetoftax": 1935000
    },
    {
        "date": "2024-06-29",
        "symbol": "NET",
        "period": "Q2",
        "revenuefromcontractwithcustomerexcludingassessedtax": 400996000,
        "costofrevenue": 89011000,
        "grossprofit": 311985000,
        "sellingandmarketingexpense": 174501000,
        "researchanddevelopmentexpense": 102547000,
        "generalandadministrativeexpense": 69635000,
        "operatingexpenses": 346683000,
        "operatingincomeloss": -34698000,
        "investmentincomenonoperating": 21715000,
        "interestexpensenonoperating": 1218000,
        "othernonoperatingincomeexpense": 269000,
        "nonoperatingincomeexpense": 20766000,
        "incomelossfromcontinuingoperationsbeforeincometaxesextraordinaryitemsnoncontrollinginterest": -13932000,
        "incometaxexpensebenefit": 1146000,
        "netincomeloss": -15078000,
        "earningspersharebasic": -0.04,
        "earningspersharediluted": -0.04,
        "weightedaveragenumberofsharesoutstandingbasic": 340648000,
        "weightedaveragenumberofdilutedsharesoutstanding": 340648000,
        "othercomprehensiveincomelossavailableforsalesecuritiesadjustmentnetoftax": -915000,
        "othercomprehensiveincomelosscashflowhedgegainlossbeforereclassificationaftertax": 910000,
        "othercomprehensiveincomelosscashflowhedgegainlossreclassificationaftertax": 414000,
        "othercomprehensiveincomelosscashflowhedgegainlossafterreclassificationandtax": 496000,
        "othercomprehensiveincomelossnetoftaxportionattributabletoparent": -419000,
        "comprehensiveincomenetoftax": -15497000
    },
    {
        "date": "2024-03-30",
        "symbol": "NET",
        "period": "Q1",
        "revenuefromcontractwithcustomerexcludingassessedtax": 378602000,
        "costofrevenue": 85038000,
        "grossprofit": 293564000,
        "sellingandmarketingexpense": 194102000,
        "researchanddevelopmentexpense": 87703000,
        "generalandadministrativeexpense": 66309000,
        "operatingexpenses": 348114000,
        "operatingincomeloss": -54550000,
        "investmentincomenonoperating": 21252000,
        "interestexpense": 1100000,
        "othernonoperatingincomeexpense": 1124000,
        "nonoperatingincomeexpense": 21276000,
        "incomelossfromcontinuingoperationsbeforeincometaxesextraordinaryitemsnoncontrollinginterest": -33274000,
        "incometaxexpensebenefit": 2269000,
        "netincomeloss": -35543000,
        "earningspersharebasic": -0.1,
        "earningspersharediluted": -0.1,
        "weightedaveragenumberofsharesoutstandingbasic": 338583000,
        "weightedaveragenumberofdilutedsharesoutstanding": 338583000,
        "othercomprehensiveincomelossavailableforsalesecuritiesadjustmentnetoftax": -2884000,
        "othercomprehensiveincomelossnetoftaxportionattributabletoparent": -2884000,
        "comprehensiveincomenetoftax": -38427000
    },
    {
        "date": "2023-12-30",
        "symbol": "NET",
        "period": "Q4",
        "revenuefromcontractwithcustomerexcludingassessedtax": 362473000,
        "costofrevenue": 83283000,
        "grossprofit": 279190000,
        "sellingandmarketingexpense": 165214000,
        "researchanddevelopmentexpense": 96401000,
        "generalandadministrativeexpense": 60404000,
        "operatingexpenses": 322019000,
        "operatingincomeloss": -42829000,
        "investmentincomenonoperating": 20190000,
        "interestexpense": 1069000,
        "othernonoperatingincomeexpense": -2103000,
        "nonoperatingincomeexpense": 17018000,
        "incomelossfromcontinuingoperationsbeforeincometaxesextraordinaryitemsnoncontrollinginterest": -25811000,
        "incometaxexpensebenefit": 2054000,
        "netincomeloss": -27865000,
        "earningspersharebasic": -0.08000000000000007,
        "earningspersharediluted": -0.08000000000000007,
        "weightedaveragenumberofsharesoutstandingbasic": 333656000,
        "weightedaveragenumberofdilutedsharesoutstanding": 333656000,
        "othercomprehensiveincomelossavailableforsalesecuritiesadjustmentnetoftax": 6132000,
        "othercomprehensiveincomelossnetoftaxportionattributabletoparent": 6132000,
        "comprehensiveincomenetoftax": -21733000
    },
    {
        "date": "2023-09-29",
        "symbol": "NET",
        "period": "Q3",
        "revenuefromcontractwithcustomerexcludingassessedtax": 423754000,
        "costofrevenue": 78069000,
        "grossprofit": 257534000,
        "sellingandmarketingexpense": 150214000,
        "researchanddevelopmentexpense": 90593000,
        "generalandadministrativeexpense": 55939000,
        "operatingexpenses": 296746000,
        "operatingincomeloss": -39212000,
        "investmentincomenonoperating": 17954000,
        "interestexpense": 1138000,
        "othernonoperatingincomeexpense": 115000,
        "nonoperatingincomeexpense": 16931000,
        "incomelossfromcontinuingoperationsbeforeincometaxesextraordinaryitemsnoncontrollinginterest": -22281000,
        "incometaxexpensebenefit": 1254000,
        "netincomeloss": -139362000,
        "earningspersharebasic": -0.06999999999999995,
        "earningspersharediluted": -0.06999999999999995,
        "weightedaveragenumberofsharesoutstandingbasic": 248633000,
        "weightedaveragenumberofdilutedsharesoutstanding": 248633000,
        "othercomprehensiveincomelossavailableforsalesecuritiesadjustmentnetoftax": 2161000,
        "othercomprehensiveincomelossnetoftaxportionattributabletoparent": 2161000,
        "comprehensiveincomenetoftax": -21374000
    },
    {
        "date": "2023-06-29",
        "symbol": "NET",
        "period": "Q2",
        "revenuefromcontractwithcustomerexcludingassessedtax": 261346000,
        "costofrevenue": 75221000,
        "grossprofit": 233273000,
        "sellingandmarketingexpense": 146688000,
        "researchanddevelopmentexpense": 89610000,
        "generalandadministrativeexpense": 53147000,
        "operatingexpenses": 289445000,
        "operatingincomeloss": -56172000,
        "investmentincomenonoperating": 16536000,
        "interestexpense": 1539000,
        "gainslossesonextinguishmentofdebt": -50300000,
        "othernonoperatingincomeexpense": -1527000,
        "nonoperatingincomeexpense": -36830000,
        "incomelossfromcontinuingoperationsbeforeincometaxesextraordinaryitemsnoncontrollinginterest": -93002000,
        "incometaxexpensebenefit": 1465000,
        "netincomeloss": -11847000,
        "earningspersharebasic": -0.28,
        "earningspersharediluted": -0.28,
        "weightedaveragenumberofsharesoutstandingbasic": 41674000,
        "weightedaveragenumberofdilutedsharesoutstanding": 41674000,
        "othercomprehensiveincomelossavailableforsalesecuritiesadjustmentnetoftax": -171000,
        "othercomprehensiveincomelossnetoftaxportionattributabletoparent": -171000,
        "comprehensiveincomenetoftax": -94638000
    },
    {
        "date": "2023-03-30",
        "symbol": "NET",
        "period": "Q1",
        "revenuefromcontractwithcustomerexcludingassessedtax": 249172000,
        "costofrevenue": 70432000,
        "grossprofit": 219743000,
        "sellingandmarketingexpense": 137001000,
        "researchanddevelopmentexpense": 81539000,
        "generalandadministrativeexpense": 48475000,
        "operatingexpenses": 267015000,
        "operatingincomeloss": -47272000,
        "investmentincomenonoperating": 13487000,
        "interestexpense": 2126000,
        "othernonoperatingincomeexpense": -857000,
        "nonoperatingincomeexpense": 10504000,
        "incomelossfromcontinuingoperationsbeforeincometaxesextraordinaryitemsnoncontrollinginterest": -36768000,
        "incometaxexpensebenefit": 1314000,
        "netincomeloss": -4875000,
        "earningspersharebasic": -0.12,
        "earningspersharediluted": -0.12,
        "weightedaveragenumberofsharesoutstandingbasic": 42293000,
        "weightedaveragenumberofdilutedsharesoutstanding": 42293000,
        "othercomprehensiveincomelossavailableforsalesecuritiesadjustmentnetoftax": 5758000,
        "othercomprehensiveincomelossnetoftaxportionattributabletoparent": 5758000,
        "comprehensiveincomenetoftax": -32324000
    },
    {
        "date": "2022-12-30",
        "symbol": "NET",
        "period": "Q4",
        "revenuefromcontractwithcustomerexcludingassessedtax": 238101000,
        "costofrevenue": 67788000,
        "grossprofit": 206912000,
        "sellingandmarketingexpense": 132050000,
        "researchanddevelopmentexpense": 79703000,
        "generalandadministrativeexpense": 45850000,
        "operatingexpenses": 257603000,
        "operatingincomeloss": -50691000,
        "investmentincomenonoperating": 8323000,
        "interestexpense": 875000,
        "othernonoperatingincomeexpense": -1602000,
        "nonoperatingincomeexpense": 5846000,
        "incomelossfromcontinuingoperationsbeforeincometaxesextraordinaryitemsnoncontrollinginterest": -44845000,
        "incometaxexpensebenefit": 1072000,
        "netincomeloss": -5953000,
        "earningspersharebasic": -0.12999999999999995,
        "earningspersharediluted": -0.12999999999999995,
        "weightedaveragenumberofsharesoutstandingbasic": -86821000,
        "weightedaveragenumberofdilutedsharesoutstanding": -86821000,
        "othercomprehensiveincomelossavailableforsalesecuritiesadjustmentnetoftax": 5402000,
        "othercomprehensiveincomelossnetoftaxportionattributabletoparent": 5402000,
        "comprehensiveincomenetoftax": -40515000
    },
    {
        "date": "2022-09-29",
        "symbol": "NET",
        "period": "Q3",
        "revenuefromcontractwithcustomerexcludingassessedtax": 221223000,
        "costofrevenue": 61967000,
        "grossprofit": 191890000,
        "sellingandmarketingexpense": 116033000,
        "researchanddevelopmentexpense": 76432000,
        "generalandadministrativeexpense": 45372000,
        "operatingexpenses": 237837000,
        "operatingincomeloss": -45947000,
        "investmentincomenonoperating": 3852000,
        "interestexpense": 1512000,
        "othernonoperatingincomeexpense": 2433000,
        "nonoperatingincomeexpense": 4773000,
        "incomelossfromcontinuingoperationsbeforeincometaxesextraordinaryitemsnoncontrollinginterest": -41174000,
        "incometaxexpensebenefit": 1372000,
        "netincomeloss": -5612000,
        "earningspersharebasic": -0.13,
        "earningspersharediluted": -0.13,
        "weightedaveragenumberofsharesoutstandingbasic": 43081000,
        "weightedaveragenumberofdilutedsharesoutstanding": 43081000,
        "othercomprehensiveincomelossavailableforsalesecuritiesadjustmentnetoftax": -1220000,
        "othercomprehensiveincomelossnetoftaxportionattributabletoparent": -1220000,
        "comprehensiveincomenetoftax": -43766000
    },
    {
        "date": "2022-06-29",
        "symbol": "NET",
        "period": "Q2",
        "revenuefromcontractwithcustomerexcludingassessedtax": 205584000,
        "costofrevenue": 55804000,
        "grossprofit": 178713000,
        "sellingandmarketingexpense": 117622000,
        "researchanddevelopmentexpense": 75114000,
        "generalandadministrativeexpense": 50518000,
        "operatingexpenses": 243254000,
        "operatingincomeloss": -64541000,
        "investmentincomenonoperating": 1641000,
        "interestexpense": 1040000,
        "othernonoperatingincomeexpense": 233000,
        "nonoperatingincomeexpense": 834000,
        "incomelossfromcontinuingoperationsbeforeincometaxesextraordinaryitemsnoncontrollinginterest": -63707000,
        "incometaxexpensebenefit": -170000,
        "netincomeloss": -8456000,
        "earningspersharebasic": -0.2,
        "earningspersharediluted": -0.2,
        "weightedaveragenumberofsharesoutstandingbasic": 43282000,
        "weightedaveragenumberofdilutedsharesoutstanding": 43282000,
        "othercomprehensiveincomelossavailableforsalesecuritiesadjustmentnetoftax": -3333000,
        "othercomprehensiveincomelossnetoftaxportionattributabletoparent": -3333000,
        "comprehensiveincomenetoftax": -66870000
    },
    {
        "date": "2022-03-30",
        "symbol": "NET",
        "period": "Q1",
        "revenuefromcontractwithcustomerexcludingassessedtax": 187811000,
        "costofrevenue": 47051000,
        "grossprofit": 165116000,
        "sellingandmarketingexpense": 100057000,
        "researchanddevelopmentexpense": 67054000,
        "generalandadministrativeexpense": 38029000,
        "operatingexpenses": 205140000,
        "operatingincomeloss": -40024000,
        "investmentincomenonoperating": 1061000,
        "interestexpense": 1557000,
        "othernonoperatingincomeexpense": -487000,
        "nonoperatingincomeexpense": -983000,
        "incomelossfromcontinuingoperationsbeforeincometaxesextraordinaryitemsnoncontrollinginterest": -41007000,
        "incometaxexpensebenefit": 374000,
        "netincomeloss": -5590000,
        "earningspersharebasic": -0.13,
        "earningspersharediluted": -0.13,
        "weightedaveragenumberofsharesoutstandingbasic": 43676000,
        "weightedaveragenumberofdilutedsharesoutstanding": 43676000,
        "othercomprehensiveincomelossavailableforsalesecuritiesadjustmentnetoftax": -10100000,
        "othercomprehensiveincomelossnetoftaxportionattributabletoparent": -10100000,
        "comprehensiveincomenetoftax": -51481000
    },
    {
        "date": "2021-12-30",
        "symbol": "NET",
        "period": "Q4",
        "revenuefromcontractwithcustomerexcludingassessedtax": 171555000,
        "costofrevenue": 42496000,
        "grossprofit": 151100000,
        "sellingandmarketingexpense": 96219000,
        "researchanddevelopmentexpense": 61762000,
        "generalandadministrativeexpense": 34183000,
        "operatingexpenses": 192164000,
        "operatingincomeloss": -41064000,
        "investmentincomenonoperating": 668000,
        "interestexpense": 16108000,
        "othernonoperatingincomeexpense": -426000,
        "nonoperatingincomeexpense": -15866000,
        "incomelossfromcontinuingoperationsbeforeincometaxesextraordinaryitemsnoncontrollinginterest": -56930000,
        "incometaxexpensebenefit": 20571000,
        "netincomeloss": -11890000,
        "othercomprehensiveincomelossavailableforsalesecuritiesadjustmentnetoftax": -2434000,
        "othercomprehensiveincomelossnetoftaxportionattributabletoparent": -2434000,
        "comprehensiveincomenetoftax": -79935000
    },
    {
        "date": "2021-09-29",
        "symbol": "NET",
        "period": "Q3",
        "revenuefromcontractwithcustomerexcludingassessedtax": 152820000,
        "costofrevenue": 37525000,
        "grossprofit": 134822000,
        "sellingandmarketingexpense": 85877000,
        "researchanddevelopmentexpense": 46770000,
        "generalandadministrativeexpense": 28669000,
        "operatingexpenses": 161316000,
        "operatingincomeloss": -26494000,
        "investmentincomenonoperating": 385000,
        "interestexpense": 12448000,
        "gainslossesonextinguishmentofdebt": -72234000,
        "othernonoperatingincomeexpense": 361000,
        "nonoperatingincomeexpense": -83936000,
        "incomelossfromcontinuingoperationsbeforeincometaxesextraordinaryitemsnoncontrollinginterest": -110430000,
        "incometaxexpensebenefit": -3095000,
        "netincomeloss": -15670000,
        "earningspersharebasic": -0.34,
        "earningspersharediluted": -0.34,
        "weightedaveragenumberofsharesoutstandingbasic": 45922000,
        "weightedaveragenumberofdilutedsharesoutstanding": 45922000,
        "othercomprehensiveincomelossavailableforsalesecuritiesadjustmentnetoftax": -167000,
        "othercomprehensiveincomelossnetoftaxportionattributabletoparent": -167000,
        "comprehensiveincomenetoftax": -107502000
    },
    {
        "date": "2021-06-29",
        "symbol": "NET",
        "period": "Q2",
        "revenuefromcontractwithcustomerexcludingassessedtax": 152428000,
        "costofrevenue": 35029000,
        "grossprofit": 117399000,
        "sellingandmarketingexpense": 75995000,
        "researchanddevelopmentexpense": 41349000,
        "generalandadministrativeexpense": 28927000,
        "operatingexpenses": 146271000,
        "operatingincomeloss": -28872000,
        "investmentincomenonoperating": 373000,
        "interestexpense": 10444000,
        "othernonoperatingincomeexpense": -877000,
        "nonoperatingincomeexpense": -10948000,
        "incomelossfromcontinuingoperationsbeforeincometaxesextraordinaryitemsnoncontrollinginterest": -39820000,
        "incometaxexpensebenefit": -4310000,
        "netincomeloss": -35510000,
        "earningspersharebasic": -0.12,
        "earningspersharediluted": -0.12,
        "weightedaveragenumberofsharesoutstandingbasic": 308263000,
        "weightedaveragenumberofdilutedsharesoutstanding": 308263000,
        "othercomprehensiveincomelossavailableforsalesecuritiesadjustmentnetoftax": -78000,
        "othercomprehensiveincomelossnetoftaxportionattributabletoparent": -78000,
        "comprehensiveincomenetoftax": -35588000
    },
    {
        "date": "2021-03-30",
        "symbol": "NET",
        "period": "Q1",
        "revenuefromcontractwithcustomerexcludingassessedtax": 138055000,
        "costofrevenue": 32084000,
        "grossprofit": 105971000,
        "sellingandmarketingexpense": 69974000,
        "researchanddevelopmentexpense": 39527000,
        "generalandadministrativeexpense": 27724000,
        "operatingexpenses": 137225000,
        "operatingincomeloss": -31254000,
        "investmentincomenonoperating": 544000,
        "interestexpense": 10234000,
        "othernonoperatingincomeexpense": 148000,
        "nonoperatingincomeexpense": -9542000,
        "incomelossfromcontinuingoperationsbeforeincometaxesextraordinaryitemsnoncontrollinginterest": -40796000,
        "incometaxexpensebenefit": -833000,
        "netincomeloss": -39963000,
        "earningspersharebasicanddiluted": -0.13,
        "weightedaveragenumberofshareoutstandingbasicanddiluted": 305947000,
        "othercomprehensiveincomelossavailableforsalesecuritiesadjustmentnetoftax": -129000,
        "othercomprehensiveincomelossnetoftaxportionattributabletoparent": -129000,
        "comprehensiveincomenetoftax": -40092000
    },
    {
        "date": "2020-12-30",
        "symbol": "NET",
        "period": "Q4",
        "revenuefromcontractwithcustomerexcludingassessedtax": 125926000,
        "costofrevenue": 29065000,
        "grossprofit": 96861000,
        "sellingandmarketingexpense": 63552000,
        "researchanddevelopmentexpense": 34757000,
        "generalandadministrativeexpense": 23293000,
        "operatingexpenses": 121602000,
        "operatingincomeloss": -24741000,
        "investmentincomenonoperating": 846000,
        "interestexpense": 10062000,
        "othernonoperatingincomeexpense": 113000,
        "nonoperatingincomeexpense": -9103000,
        "incomelossfromcontinuingoperationsbeforeincometaxesextraordinaryitemsnoncontrollinginterest": -33844000,
        "incometaxexpensebenefit": 177000,
        "netincomeloss": -34021000,
        "earningspersharebasicanddiluted": -0.11000000000000006,
        "weightedaveragenumberofshareoutstandingbasicanddiluted": -597313000,
        "othercomprehensiveincomelossavailableforsalesecuritiesadjustmentnetoftax": -407000,
        "othercomprehensiveincomelossnetoftaxportionattributabletoparent": -407000,
        "comprehensiveincomenetoftax": -34428000
    },
    {
        "date": "2020-09-29",
        "symbol": "NET",
        "period": "Q3",
        "revenuefromcontractwithcustomerexcludingassessedtax": 114162000,
        "costofrevenue": 27005000,
        "grossprofit": 87157000,
        "sellingandmarketingexpense": 55982000,
        "researchanddevelopmentexpense": 30902000,
        "generalandadministrativeexpense": 21525000,
        "operatingexpenses": 108409000,
        "operatingincomeloss": -21252000,
        "investmentincomenonoperating": 1316000,
        "interestexpense": 9828000,
        "othernonoperatingincomeexpense": -208000,
        "nonoperatingincomeexpense": -8720000,
        "incomelossfromcontinuingoperationsbeforeincometaxesextraordinaryitemsnoncontrollinginterest": -29972000,
        "incometaxexpensebenefit": -3504000,
        "netincomeloss": -26468000,
        "earningspersharebasicanddiluted": -0.09,
        "weightedaveragenumberofshareoutstandingbasicanddiluted": 301689000,
        "othercomprehensiveincomelossavailableforsalesecuritiesadjustmentnetoftax": -654000,
        "othercomprehensiveincomelossnetoftaxportionattributabletoparent": -654000,
        "comprehensiveincomenetoftax": -27122000
    },
    {
        "date": "2020-06-29",
        "symbol": "NET",
        "period": "Q2",
        "revenuefromcontractwithcustomerexcludingassessedtax": 99721000,
        "costofrevenue": 24164000,
        "grossprofit": 75557000,
        "sellingandmarketingexpense": 51376000,
        "researchanddevelopmentexpense": 28131000,
        "generalandadministrativeexpense": 20754000,
        "operatingexpenses": 100261000,
        "operatingincomeloss": -24704000,
        "investmentincomenonoperating": 1857000,
        "interestexpense": 5007000,
        "othernonoperatingincomeexpense": -219000,
        "nonoperatingincomeexpense": -3369000,
        "incomelossfromcontinuingoperationsbeforeincometaxesextraordinaryitemsnoncontrollinginterest": -28073000,
        "incometaxexpensebenefit": -1938000,
        "netincomeloss": -26135000,
        "earningspersharebasicanddiluted": -0.09,
        "weightedaveragenumberofshareoutstandingbasicanddiluted": 299321000,
        "othercomprehensiveincomelossavailableforsalesecuritiesadjustmentnetoftax": -183000,
        "othercomprehensiveincomelossnetoftaxportionattributabletoparent": -183000,
        "comprehensiveincomenetoftax": -26318000
    },
    {
        "date": "2020-03-30",
        "symbol": "NET",
        "period": "Q1",
        "revenuefromcontractwithcustomerexcludingassessedtax": 91250000,
        "costofrevenue": 20821000,
        "grossprofit": 70429000,
        "sellingandmarketingexpense": 46965000,
        "researchanddevelopmentexpense": 33354000,
        "generalandadministrativeexpense": 26181000,
        "operatingexpenses": 106500000,
        "operatingincomeloss": -36071000,
        "investmentincomenonoperating": 2569000,
        "interestexpense": 67000,
        "othernonoperatingincomeexpense": 485000,
        "nonoperatingincomeexpense": 2987000,
        "incomelossfromcontinuingoperationsbeforeincometaxesextraordinaryitemsnoncontrollinginterest": -33084000,
        "incometaxexpensebenefit": -338000,
        "netincomeloss": -32746000,
        "earningspersharebasicanddiluted": -0.11,
        "weightedaveragenumberofshareoutstandingbasicanddiluted": 296077000,
        "othercomprehensiveincomelossavailableforsalesecuritiesadjustmentnetoftax": 1346000,
        "othercomprehensiveincomelossnetoftaxportionattributabletoparent": 1346000,
        "comprehensiveincomenetoftax": -31400000
    },
    {
        "date": "2019-09-29",
        "symbol": "NET",
        "period": "Q3",
        "revenuefromcontractwithcustomerexcludingassessedtax": 73941000,
        "costofrevenue": 16033000,
        "grossprofit": 57908000,
        "sellingandmarketingexpense": 45538000,
        "researchanddevelopmentexpense": 27863000,
        "generalandadministrativeexpense": 25593000,
        "operatingexpenses": 98994000,
        "operatingincomeloss": -41086000,
        "investmentincomenonoperating": 1079000,
        "interestexpense": 407000,
        "othernonoperatingincomeexpense": -651000,
        "nonoperatingincomeexpense": 21000,
        "incomelossfromcontinuingoperationsbeforeincometaxesextraordinaryitemsnoncontrollinginterest": -41065000,
        "incometaxexpensebenefit": -212000,
        "netincomeloss": -40853000,
        "earningspersharebasicanddiluted": -0.35,
        "weightedaveragenumberofshareoutstandingbasicanddiluted": 118056000,
        "othercomprehensiveincomelossavailableforsalesecuritiesadjustmentnetoftax": 7000,
        "othercomprehensiveincomelossnetoftaxportionattributabletoparent": 7000,
        "comprehensiveincomenetoftax": -40846000
    }
]