[
    {
        "date": "2024-10-30",
        "symbol": "COO",
        "period": "Q4",
        "revenuefromcontractwithcustomerexcludingassessedtax": 1018400000,
        "costofgoodsandservicessold": 340700000,
        "grossprofit": 677700000,
        "sellinggeneralandadministrativeexpense": 391400000,
        "researchanddevelopmentexpense": 37700000,
        "amortizationofintangibleassets": 50200000,
        "operatingincomeloss": 198400000,
        "othernonoperatingincomeexpense": -2800000,
        "incomelossfromcontinuingoperationsbeforeincometaxesextraordinaryitemsnoncontrollinginterest": 168600000,
        "incometaxexpensebenefit": 51100000,
        "netincomeloss": 117500000,
        "earningspersharebasic": 0.5800000000000001,
        "earningspersharediluted": 0.5900000000000001,
        "weightedaveragenumberofsharesoutstandingbasic": 198900000,
        "weightedaveragenumberofdilutedsharesoutstanding": 200400000,
        "othercomprehensiveincomelosscashflowhedgegainlossafterreclassificationandtax": -8700000,
        "othercomprehensiveincomelossforeigncurrencytransactionandtranslationadjustmentnetoftax": 13800000,
        "comprehensiveincomenetoftaxincludingportionattributabletononcontrollinginterest": 120900000
    },
    {
        "date": "2024-07-30",
        "symbol": "COO",
        "period": "Q3",
        "revenuefromcontractwithcustomerexcludingassessedtax": 1002800000,
        "costofgoodsandservicessold": 339800000,
        "grossprofit": 663000000,
        "sellinggeneralandadministrativeexpense": 381100000,
        "researchanddevelopmentexpense": 39000000,
        "amortizationofintangibleassets": 50400000,
        "operatingincomeloss": 192500000,
        "interestexpensenonoperating": 28500000,
        "othernonoperatingincomeexpense": -300000,
        "incomelossfromcontinuingoperationsbeforeincometaxesextraordinaryitemsnoncontrollinginterest": 163700000,
        "incometaxexpensebenefit": 59000000,
        "netincomeloss": 104700000,
        "earningspersharebasic": 0.53,
        "earningspersharediluted": 0.52,
        "weightedaveragenumberofsharesoutstandingbasic": 199100000,
        "weightedaveragenumberofdilutedsharesoutstanding": 200600000,
        "othercomprehensiveincomelosscashflowhedgegainlossafterreclassificationandtax": -27200000,
        "othercomprehensiveincomelossforeigncurrencytransactionandtranslationadjustmentnetoftax": 24700000,
        "comprehensiveincomenetoftaxincludingportionattributabletononcontrollinginterest": 102200000
    },
    {
        "date": "2024-04-29",
        "symbol": "COO",
        "period": "Q2",
        "revenuefromcontractwithcustomerexcludingassessedtax": 942600000,
        "costofgoodsandservicessold": 311400000,
        "grossprofit": 631200000,
        "sellinggeneralandadministrativeexpense": 380300000,
        "researchanddevelopmentexpense": 38900000,
        "amortizationofintangibleassets": 50300000,
        "operatingincomeloss": 161700000,
        "interestexpense": 28900000,
        "othernonoperatingincomeexpense": -2800000,
        "incomelossfromcontinuingoperationsbeforeincometaxesextraordinaryitemsnoncontrollinginterest": 130000000,
        "incometaxexpensebenefit": 41100000,
        "netincomeloss": 88900000,
        "earningspersharebasic": 0.45,
        "earningspersharediluted": 0.44,
        "weightedaveragenumberofsharesoutstandingbasic": 198900000,
        "weightedaveragenumberofdilutedsharesoutstanding": 200500000,
        "othercomprehensiveincomelosscashflowhedgegainlossafterreclassificationandtax": 21400000,
        "othercomprehensiveincomelossforeigncurrencytransactionandtranslationadjustmentnetoftax": -22000000,
        "comprehensiveincomenetoftaxincludingportionattributabletononcontrollinginterest": 88300000
    },
    {
        "date": "2024-01-30",
        "symbol": "COO",
        "period": "Q1",
        "revenuefromcontractwithcustomerexcludingassessedtax": 931600000,
        "costofgoodsandservicessold": 307800000,
        "grossprofit": 623800000,
        "sellinggeneralandadministrativeexpense": 380900000,
        "researchanddevelopmentexpense": 39500000,
        "amortizationofintangibleassets": 50300000,
        "operatingincomeloss": 153100000,
        "interestexpense": 29900000,
        "othernonoperatingincomeexpense": -3200000,
        "incomelossfromcontinuingoperationsbeforeincometaxesextraordinaryitemsnoncontrollinginterest": 120000000,
        "incometaxexpensebenefit": 38800000,
        "netincomeloss": 81200000,
        "earningspersharebasic": 0.41,
        "earningspersharediluted": 0.41,
        "weightedaveragenumberofsharesoutstandingbasic": 198400000,
        "weightedaveragenumberofdilutedsharesoutstanding": 199900000,
        "othercomprehensiveincomelosscashflowhedgegainlossafterreclassificationandtax": -28000000,
        "othercomprehensiveincomelossforeigncurrencytransactionandtranslationadjustmentnetoftax": 59800000,
        "comprehensiveincomenetoftaxincludingportionattributabletononcontrollinginterest": 113000000
    },
    {
        "date": "2023-10-30",
        "symbol": "COO",
        "period": "Q4",
        "revenuefromcontractwithcustomerexcludingassessedtax": 1610100000,
        "costofgoodsandservicessold": 320600000,
        "grossprofit": 606500000,
        "sellinggeneralandadministrativeexpense": 387600000,
        "researchanddevelopmentexpense": 36700000,
        "amortizationofintangibleassets": 46500000,
        "operatingincomeloss": 301600000,
        "interestexpense": 26300000,
        "othernonoperatingincomeexpense": -3000000,
        "incomelossfromcontinuingoperationsbeforeincometaxesextraordinaryitemsnoncontrollinginterest": 106400000,
        "incometaxexpensebenefit": 21900000,
        "netincomeloss": 84500000,
        "earningspersharebasic": 1.7100000000000009,
        "earningspersharediluted": 1.7000000000000004,
        "weightedaveragenumberofsharesoutstandingbasic": 49500000,
        "weightedaveragenumberofdilutedsharesoutstanding": 49800000,
        "othercomprehensiveincomelosscashflowhedgegainlossafterreclassificationandtax": 4900000,
        "othercomprehensiveincomelossforeigncurrencytransactionandtranslationadjustmentnetoftax": -86900000,
        "comprehensiveincomenetoftaxincludingportionattributabletononcontrollinginterest": 5500000
    },
    {
        "date": "2023-07-30",
        "symbol": "COO",
        "period": "Q3",
        "revenuefromcontractwithcustomerexcludingassessedtax": 930200000,
        "costofgoodsandservicessold": 320200000,
        "grossprofit": 610000000,
        "sellinggeneralandadministrativeexpense": 375200000,
        "researchanddevelopmentexpense": 36500000,
        "amortizationofintangibleassets": 46700000,
        "operatingincomeloss": 151600000,
        "interestexpense": 26800000,
        "othernonoperatingincomeexpense": -6000000,
        "incomelossfromcontinuingoperationsbeforeincometaxesextraordinaryitemsnoncontrollinginterest": 118800000,
        "incometaxexpensebenefit": 33500000,
        "netincomeloss": 85300000,
        "earningspersharebasic": 1.72,
        "earningspersharediluted": 1.71,
        "weightedaveragenumberofsharesoutstandingbasic": 49500000,
        "weightedaveragenumberofdilutedsharesoutstanding": 49900000,
        "othercomprehensiveincomelosscashflowhedgegainlossafterreclassificationandtax": 14600000,
        "othercomprehensiveincomelossforeigncurrencytransactionandtranslationadjustmentnetoftax": 34400000,
        "comprehensiveincomenetoftaxincludingportionattributabletononcontrollinginterest": 134300000
    },
    {
        "date": "2023-04-29",
        "symbol": "COO",
        "period": "Q2",
        "revenuefromcontractwithcustomerexcludingassessedtax": 877400000,
        "costofgoodsandservicessold": 294500000,
        "grossprofit": 582900000,
        "sellinggeneralandadministrativeexpense": 407500000,
        "researchanddevelopmentexpense": 32600000,
        "amortizationofintangibleassets": 46500000,
        "operatingincomeloss": 96300000,
        "interestexpense": 26100000,
        "othernonoperatingincomeexpense": -4600000,
        "incomelossfromcontinuingoperationsbeforeincometaxesextraordinaryitemsnoncontrollinginterest": 65600000,
        "incometaxexpensebenefit": 25800000,
        "netincomeloss": 39800000,
        "earningspersharebasic": 0.8,
        "earningspersharediluted": 0.8,
        "weightedaveragenumberofsharesoutstandingbasic": 49500000,
        "weightedaveragenumberofdilutedsharesoutstanding": 49800000,
        "othercomprehensiveincomelosscashflowhedgegainlossafterreclassificationandtax": -5500000,
        "othercomprehensiveincomelossforeigncurrencytransactionandtranslationadjustmentnetoftax": -14500000,
        "comprehensiveincomenetoftaxincludingportionattributabletononcontrollinginterest": 19800000
    },
    {
        "date": "2023-01-30",
        "symbol": "COO",
        "period": "Q1",
        "revenuefromcontractwithcustomerexcludingassessedtax": 175500000,
        "costofgoodsandservicessold": 300000000,
        "grossprofit": 558500000,
        "sellinggeneralandadministrativeexpense": 330900000,
        "researchanddevelopmentexpense": 31600000,
        "amortizationofintangibleassets": 46500000,
        "operatingincomeloss": -16399999.999999998,
        "interestexpense": 26100000,
        "othernonoperatingincomeexpense": -1300000,
        "incomelossfromcontinuingoperationsbeforeincometaxesextraordinaryitemsnoncontrollinginterest": 122100000,
        "incometaxexpensebenefit": 37500000,
        "netincomeloss": 84600000,
        "earningspersharebasic": 1.71,
        "earningspersharediluted": 1.7,
        "weightedaveragenumberofsharesoutstandingbasic": 49400000,
        "weightedaveragenumberofdilutedsharesoutstanding": 49700000,
        "othercomprehensiveincomelosscashflowhedgegainlossafterreclassificationandtax": -21000000,
        "othercomprehensiveincomelossforeigncurrencytransactionandtranslationadjustmentnetoftax": 84000000,
        "comprehensiveincomenetoftaxincludingportionattributabletononcontrollinginterest": 147600000
    },
    {
        "date": "2022-10-30",
        "symbol": "COO",
        "period": "Q4",
        "revenuefromcontractwithcustomerexcludingassessedtax": -1237300000,
        "costofgoodsandservicessold": 311400000,
        "grossprofit": 536600000,
        "sellinggeneralandadministrativeexpense": 358000000,
        "researchanddevelopmentexpense": 29100000,
        "amortizationofintangibleassets": 46000000,
        "operatingincomeloss": 72100000,
        "interestexpense": 22800000,
        "othernonoperatingincomeexpense": -8300000,
        "incomelossfromcontinuingoperationsbeforeincometaxesextraordinaryitemsnoncontrollinginterest": 72400000,
        "incometaxexpensebenefit": 6900000,
        "netincomeloss": 65500000,
        "earningspersharebasic": 1.34,
        "earningspersharediluted": 1.3199999999999996,
        "weightedaveragenumberofsharesoutstandingbasic": -98700000,
        "weightedaveragenumberofdilutedsharesoutstanding": -99500000,
        "othercomprehensiveincomelosscashflowhedgegainlossafterreclassificationandtax": 39200000,
        "othercomprehensiveincomelossforeigncurrencytransactionandtranslationadjustmentnetoftax": -56600000,
        "comprehensiveincomenetoftaxincludingportionattributabletononcontrollinginterest": 76000000
    },
    {
        "date": "2022-07-30",
        "symbol": "COO",
        "period": "Q3",
        "revenuefromcontractwithcustomerexcludingassessedtax": 169100000,
        "costofgoodsandservicessold": 291300000,
        "grossprofit": 552100000,
        "sellinggeneralandadministrativeexpense": 342700000,
        "researchanddevelopmentexpense": 28700000,
        "amortizationofintangibleassets": 40100000,
        "operatingincomeloss": -14300000,
        "interestexpense": 17100000,
        "othernonoperatingincomeexpense": -6200000,
        "incomelossfromcontinuingoperationsbeforeincometaxesextraordinaryitemsnoncontrollinginterest": 117300000,
        "incometaxexpensebenefit": 18900000,
        "netincomeloss": 98400000,
        "earningspersharebasic": 1.99,
        "earningspersharediluted": 1.98,
        "weightedaveragenumberofsharesoutstandingbasic": 49300000,
        "weightedaveragenumberofdilutedsharesoutstanding": 49600000,
        "othercomprehensiveincomelosscashflowhedgegainlossafterreclassificationandtax": -10500000,
        "othercomprehensiveincomelossforeigncurrencytransactionandtranslationadjustmentnetoftax": -32299999.999999996,
        "comprehensiveincomenetoftaxincludingportionattributabletononcontrollinginterest": 55600000
    },
    {
        "date": "2022-04-29",
        "symbol": "COO",
        "period": "Q2",
        "revenuefromcontractwithcustomerexcludingassessedtax": 167700000,
        "costofgoodsandservicessold": 297300000,
        "grossprofit": 532500000,
        "sellinggeneralandadministrativeexpense": 322400000,
        "researchanddevelopmentexpense": 26300000,
        "amortizationofintangibleassets": 51100000,
        "operatingincomeloss": -13600000,
        "interestexpense": 10800000,
        "othernonoperatingincomeexpense": 41800000,
        "incomelossfromcontinuingoperationsbeforeincometaxesextraordinaryitemsnoncontrollinginterest": 163700000,
        "incometaxexpensebenefit": 37100000,
        "netincomeloss": 126600000,
        "earningspersharebasic": 2.57,
        "earningspersharediluted": 2.55,
        "weightedaveragenumberofsharesoutstandingbasic": 49300000,
        "weightedaveragenumberofdilutedsharesoutstanding": 49700000,
        "othercomprehensiveincomelosscashflowhedgegainlossafterreclassificationandtax": 39300000,
        "othercomprehensiveincomelossforeigncurrencytransactionandtranslationadjustmentnetoftax": -96600000,
        "comprehensiveincomenetoftaxincludingportionattributabletononcontrollinginterest": 69300000
    },
    {
        "date": "2022-01-30",
        "symbol": "COO",
        "period": "Q1",
        "revenuefromcontractwithcustomerexcludingassessedtax": 171500000,
        "costofgoodsandservicessold": 268800000,
        "grossprofit": 518400000,
        "sellinggeneralandadministrativeexpense": 319100000,
        "researchanddevelopmentexpense": 26200000,
        "amortizationofintangibleassets": 42300000,
        "operatingincomeloss": -12200000,
        "interestexpense": 6600000,
        "othernonoperatingincomeexpense": -2300000,
        "incomelossfromcontinuingoperationsbeforeincometaxesextraordinaryitemsnoncontrollinginterest": 121900000,
        "incometaxexpensebenefit": 26600000,
        "netincomeloss": 95300000,
        "earningspersharebasic": 1.93,
        "earningspersharediluted": 1.91,
        "weightedaveragenumberofsharesoutstandingbasic": 49400000,
        "weightedaveragenumberofdilutedsharesoutstanding": 49900000,
        "othercomprehensiveincomelosscashflowhedgegainlossafterreclassificationandtax": 13300000,
        "othercomprehensiveincomelossforeigncurrencytransactionandtranslationadjustmentnetoftax": -49200000,
        "comprehensiveincomenetoftaxincludingportionattributabletononcontrollinginterest": 59400000
    },
    {
        "date": "2021-10-30",
        "symbol": "COO",
        "period": "Q4",
        "revenuefromcontractwithcustomerexcludingassessedtax": -1145600000,
        "costofgoodsandservicessold": 257200000,
        "grossprofit": 501900000,
        "sellinggeneralandadministrativeexpense": 311700000,
        "researchanddevelopmentexpense": 25500000,
        "amortizationofintangibleassets": 36100000,
        "operatingincomeloss": 153200000,
        "interestexpense": 5000000,
        "othernonoperatingincomeexpense": -2000000,
        "incomelossfromcontinuingoperationsbeforeincometaxesextraordinaryitemsnoncontrollinginterest": 121600000,
        "incometaxexpensebenefit": 11300000,
        "netincomeloss": 110300000,
        "earningspersharebasic": 2.1399999999999935,
        "earningspersharediluted": 2.1199999999999974,
        "weightedaveragenumberofsharesoutstandingbasic": -98400000,
        "weightedaveragenumberofdilutedsharesoutstanding": -99400000,
        "othercomprehensiveincomelosscashflowhedgegainlossafterreclassificationandtax": 15300000,
        "othercomprehensiveincomelossforeigncurrencytransactionandtranslationadjustmentnetoftax": -19400000,
        "comprehensiveincomenetoftaxincludingportionattributabletononcontrollinginterest": 128800000
    },
    {
        "date": "2021-07-30",
        "symbol": "COO",
        "period": "Q3",
        "revenuefromcontractwithcustomerexcludingassessedtax": 161000000,
        "costofgoodsandservicessold": 247300000,
        "grossprofit": 516100000,
        "sellinggeneralandadministrativeexpense": 352500000,
        "researchanddevelopmentexpense": 24800000,
        "amortizationofintangibleassets": 38200000,
        "operatingincomeloss": -13600000,
        "interestexpense": 5600000,
        "othernonoperatingincomeexpense": -1000000,
        "incomelossfromcontinuingoperationsbeforeincometaxesextraordinaryitemsnoncontrollinginterest": 94000000,
        "incometaxexpensebenefit": -521799999.99999994,
        "netincomeloss": 615800000,
        "earningspersharebasic": 12.5,
        "earningspersharediluted": 12.37,
        "weightedaveragenumberofsharesoutstandingbasic": 49300000,
        "weightedaveragenumberofdilutedsharesoutstanding": 49800000,
        "othercomprehensiveincomelosscashflowhedgegainlossafterreclassificationandtax": -8900000,
        "othercomprehensiveincomelossforeigncurrencytransactionandtranslationadjustmentnetoftax": -3700000,
        "comprehensiveincomenetoftaxincludingportionattributabletononcontrollinginterest": 603200000
    },
    {
        "date": "2021-04-29",
        "symbol": "COO",
        "period": "Q2",
        "revenuefromcontractwithcustomerexcludingassessedtax": 153400000,
        "costofgoodsandservicessold": 232400000,
        "grossprofit": 487100000,
        "sellinggeneralandadministrativeexpense": 285800000,
        "researchanddevelopmentexpense": 21000000,
        "amortizationofintangibleassets": 37100000,
        "operatingincomeloss": -11600000,
        "interestexpense": 6100000,
        "othernonoperatingincomeexpense": -700000,
        "incomelossfromcontinuingoperationsbeforeincometaxesextraordinaryitemsnoncontrollinginterest": 136400000,
        "incometaxexpensebenefit": 18900000,
        "netincomeloss": 117500000,
        "earningspersharebasic": 2.39,
        "earningspersharediluted": 2.36,
        "weightedaveragenumberofsharesoutstandingbasic": 49200000,
        "weightedaveragenumberofdilutedsharesoutstanding": 49700000,
        "othercomprehensiveincomelosscashflowhedgegainlossafterreclassificationandtax": 15200000,
        "othercomprehensiveincomelossforeigncurrencytransactionandtranslationadjustmentnetoftax": 18900000,
        "comprehensiveincomenetoftaxincludingportionattributabletononcontrollinginterest": 151600000
    },
    {
        "date": "2021-01-30",
        "symbol": "COO",
        "period": "Q1",
        "revenuefromcontractwithcustomerexcludingassessedtax": 146600000,
        "costofgoodsandservicessold": 229800000,
        "grossprofit": 450700000,
        "sellinggeneralandadministrativeexpense": 261200000,
        "researchanddevelopmentexpense": 21400000,
        "amortizationofintangibleassets": 34700000,
        "operatingincomeloss": -11600000,
        "interestexpense": 6400000,
        "othernonoperatingincomeexpense": 12500000,
        "incomelossfromcontinuingoperationsbeforeincometaxesextraordinaryitemsnoncontrollinginterest": 139500000,
        "incometaxexpensebenefit": -1961600000,
        "netincomeloss": 2101100000,
        "earningspersharebasic": 42.77,
        "earningspersharediluted": 42.31,
        "weightedaveragenumberofsharesoutstandingbasic": 49100000,
        "weightedaveragenumberofdilutedsharesoutstanding": 49700000,
        "othercomprehensiveincomelosscashflowhedgegainlossafterreclassificationandtax": 4500000,
        "othercomprehensiveincomelossforeigncurrencytransactionandtranslationadjustmentnetoftax": 86200000,
        "comprehensiveincomenetoftaxincludingportionattributabletononcontrollinginterest": 2191800000
    },
    {
        "date": "2020-10-30",
        "symbol": "COO",
        "period": "Q4",
        "netincomeloss": 81200000,
        "othercomprehensiveincomelossforeigncurrencytransactionandtranslationadjustmentnetoftax": -19600000,
        "revenuefromcontractwithcustomerexcludingassessedtax": 681600000,
        "costofgoodsandservicessold": 257600000,
        "grossprofit": 424000000,
        "sellinggeneralandadministrativeexpense": 264200000,
        "researchanddevelopmentexpense": 25500000,
        "amortizationofintangibleassets": 34200000,
        "operatingincomeloss": 100100000,
        "interestexpense": 6700000,
        "othernonoperatingincomeexpense": 300000,
        "incometaxexpensebenefit": 12500000,
        "earningspersharebasic": 1.6499999999999997,
        "earningspersharediluted": 1.6399999999999995,
        "weightedaveragenumberofsharesoutstandingbasic": -98300000,
        "weightedaveragenumberofdilutedsharesoutstanding": -99200000
    },
    {
        "date": "2020-07-30",
        "symbol": "COO",
        "period": "Q3",
        "revenuefromcontractwithcustomerexcludingassessedtax": 578200000,
        "costofgoodsandservicessold": 217400000,
        "grossprofit": 360800000,
        "sellinggeneralandadministrativeexpense": 232800000,
        "researchanddevelopmentexpense": 21800000,
        "amortizationofintangibleassets": 34200000,
        "operatingincomeloss": 72000000,
        "interestexpense": 5700000,
        "othernonoperatingincomeexpense": 100000,
        "incomelossfromcontinuingoperationsbeforeincometaxesextraordinaryitemsnoncontrollinginterest": 66400000,
        "incometaxexpensebenefit": 11200000,
        "netincomeloss": 55200000,
        "earningspersharebasic": 1.13,
        "earningspersharediluted": 1.12,
        "weightedaveragenumberofsharesoutstandingbasic": 49100000,
        "weightedaveragenumberofdilutedsharesoutstanding": 49500000,
        "othercomprehensiveincomelosscashflowhedgegainlossafterreclassificationandtax": -4600000,
        "othercomprehensiveincomelossforeigncurrencytransactionandtranslationadjustmentnetoftax": 72700000,
        "comprehensiveincomenetoftaxincludingportionattributabletononcontrollinginterest": 123300000
    },
    {
        "date": "2020-04-29",
        "symbol": "COO",
        "period": "Q2",
        "revenuefromcontractwithcustomerexcludingassessedtax": 524900000,
        "costofgoodsandservicessold": 201400000,
        "grossprofit": 323500000,
        "sellinggeneralandadministrativeexpense": 237200000,
        "researchanddevelopmentexpense": 23800000,
        "amortizationofintangibleassets": 33900000,
        "operatingincomeloss": 28600000,
        "interestexpense": 12800000,
        "othernonoperatingincomeexpense": -6800000,
        "incomelossfromcontinuingoperationsbeforeincometaxesextraordinaryitemsnoncontrollinginterest": 9000000,
        "incometaxexpensebenefit": -2500000,
        "netincomeloss": 11500000,
        "earningspersharebasic": 0.23,
        "earningspersharediluted": 0.23,
        "weightedaveragenumberofsharesoutstandingbasic": 49200000,
        "weightedaveragenumberofdilutedsharesoutstanding": 49600000,
        "othercomprehensiveincomelosscashflowhedgegainlossafterreclassificationandtax": -13500000,
        "othercomprehensiveincomelossforeigncurrencytransactionandtranslationadjustmentnetoftax": -68900000,
        "comprehensiveincomenetoftaxincludingportionattributabletononcontrollinginterest": -70900000
    },
    {
        "date": "2020-01-30",
        "symbol": "COO",
        "period": "Q1",
        "netincomeloss": 90500000,
        "othercomprehensiveincomelossforeigncurrencytransactionandtranslationadjustmentnetoftax": 16700000,
        "comprehensiveincomenetoftax": 107200000,
        "revenuefromcontractwithcustomerexcludingassessedtax": 646200000,
        "costofgoodsandservicessold": 219700000,
        "grossprofit": 426500000,
        "sellinggeneralandadministrativeexpense": 258300000,
        "researchanddevelopmentexpense": 22200000,
        "amortizationofintangibleassets": 34900000,
        "operatingincomeloss": 111100000,
        "interestexpense": 11600000,
        "othernonoperatingincomeexpense": -2100000,
        "incomelossfromcontinuingoperationsbeforeincometaxesextraordinaryitemsnoncontrollinginterest": 97400000,
        "incometaxexpensebenefit": 6900000,
        "earningspersharebasic": 1.84,
        "earningspersharediluted": 1.82,
        "weightedaveragenumberofsharesoutstandingbasic": 49100000,
        "weightedaveragenumberofdilutedsharesoutstanding": 49700000
    },
    {
        "date": "2019-10-30",
        "symbol": "COO",
        "period": "Q4",
        "comprehensiveincomenetoftax": 155700000,
        "costofgoodsandservicessold": 236600000,
        "grossprofit": 455000000,
        "sellinggeneralandadministrativeexpense": 249600000,
        "researchanddevelopmentexpense": 23300000,
        "amortizationofintangibleassets": 35100000,
        "operatingincomeloss": 146600000,
        "interestexpense": 14700000,
        "incometaxexpensebenefit": 7500000,
        "earningspersharebasic": 2.4399999999999995,
        "earningspersharediluted": 2.4199999999999995,
        "weightedaveragenumberofsharesoutstandingbasic": 0,
        "weightedaveragenumberofdilutedsharesoutstanding": 0
    },
    {
        "date": "2019-07-30",
        "symbol": "COO",
        "period": "Q3",
        "comprehensiveincomenetoftax": 54900000,
        "costofgoodsandservicessold": 228700000,
        "grossprofit": 450700000,
        "sellinggeneralandadministrativeexpense": 249800000,
        "researchanddevelopmentexpense": 21400000,
        "amortizationofintangibleassets": 37200000,
        "operatingincomeloss": 293500000,
        "interestexpense": 16600000,
        "incometaxexpensebenefit": 6900000,
        "earningspersharebasic": 2.4299999999999997,
        "earningspersharediluted": 2.39,
        "weightedaveragenumberofsharesoutstandingbasic": -49300000,
        "weightedaveragenumberofdilutedsharesoutstanding": -49900000
    },
    {
        "date": "2019-04-29",
        "symbol": "COO",
        "period": "Q2",
        "profitloss": 122400000,
        "othercomprehensiveincomeforeigncurrencytransactionandtranslationgainlossarisingduringperiodnetoftax": -18600000,
        "comprehensiveincomenetoftax": 103800000,
        "revenues": 155300000,
        "costofgoodsandservicessold": 221700000,
        "grossprofit": 432600000,
        "sellinggeneralandadministrativeexpense": 246800000,
        "researchanddevelopmentexpense": 21000000,
        "amortizationofintangibleassets": 36900000,
        "gainlossondispositionofintangibleassets": 19000000,
        "operatingincomeloss": -9700000,
        "interestexpense": 18500000,
        "nonoperatingincomeexpense": -300000,
        "incomelossfromcontinuingoperationsbeforeincometaxesminorityinterestandincomelossfromequitymethodinvestments": 128100000,
        "incometaxexpensebenefit": 5700000,
        "earningspersharebasic": 2.48,
        "earningspersharediluted": 2.45,
        "weightedaveragenumberofsharesoutstandingbasic": 49400000,
        "weightedaveragenumberofdilutedsharesoutstanding": 50000000
    },
    {
        "date": "2019-01-30",
        "symbol": "COO",
        "period": "Q1",
        "profitloss": 103200000,
        "othercomprehensiveincomeforeigncurrencytransactionandtranslationgainlossarisingduringperiodnetoftax": 32700000,
        "comprehensiveincomenetoftax": 135900000,
        "revenues": 470100000,
        "costofgoodsandservicessold": 209600000,
        "grossprofit": 418500000,
        "sellinggeneralandadministrativeexpense": 250000000,
        "researchanddevelopmentexpense": 21000000,
        "amortizationofintangibleassets": 36600000,
        "operatingincomeloss": 116300000,
        "interestexpense": 18200000,
        "nonoperatingincomeexpense": 1100000,
        "incomelossfromcontinuingoperationsbeforeincometaxesminorityinterestandincomelossfromequitymethodinvestments": 93800000,
        "incometaxexpensebenefit": -9400000,
        "earningspersharebasic": 2.09,
        "earningspersharediluted": 2.07,
        "weightedaveragenumberofsharesoutstandingbasic": 49300000,
        "weightedaveragenumberofdilutedsharesoutstanding": 49900000
    },
    {
        "date": "2018-10-30",
        "symbol": "COO",
        "period": "Q4",
        "profitloss": 100700000,
        "othercomprehensiveincomeforeigncurrencytransactionandtranslationgainlossarisingduringperiodnetoftax": -48200000,
        "comprehensiveincomenetoftax": 60400000,
        "costofgoodsandservicessold": 221400000,
        "grossprofit": 430100000,
        "sellinggeneralandadministrativeexpense": 248600000,
        "researchanddevelopmentexpense": 22600000,
        "amortizationofintangibleassets": 36200000,
        "operatingincomeloss": -13600000,
        "interestexpense": 22800000,
        "nonoperatingincomeexpense": 12800000,
        "incomelossfromcontinuingoperationsbeforeincometaxesminorityinterestandincomelossfromequitymethodinvestments": 112700000,
        "incometaxexpensebenefit": 12000000,
        "netincomeloss": 100700000,
        "earningspersharebasic": 2.05,
        "earningspersharediluted": 2.02,
        "weightedaveragenumberofsharesoutstandingbasic": 100000,
        "weightedaveragenumberofdilutedsharesoutstanding": 100000
    },
    {
        "date": "2018-07-30",
        "symbol": "COO",
        "period": "Q3",
        "profitloss": 100800000,
        "othercomprehensiveincomeforeigncurrencytransactionandtranslationgainlossarisingduringperiodnetoftax": -69600000,
        "comprehensiveincomenetoftax": 31200000,
        "costofgoodsandservicessold": 233200000,
        "grossprofit": 426800000,
        "sellinggeneralandadministrativeexpense": 250900000,
        "researchanddevelopmentexpense": 22600000,
        "amortizationofintangibleassets": 37800000,
        "operatingincomeloss": -136500000,
        "interestexpense": 22800000,
        "nonoperatingincomeexpense": -2300000,
        "incomelossfromcontinuingoperationsbeforeincometaxesminorityinterestandincomelossfromequitymethodinvestments": 90400000,
        "incometaxexpensebenefit": -10400000,
        "netincomeloss": 100800000,
        "earningspersharebasic": 2.06,
        "earningspersharediluted": 2.06,
        "weightedaveragenumberofsharesoutstandingbasic": -49000000,
        "weightedaveragenumberofdilutedsharesoutstanding": -48900000
    },
    {
        "date": "2018-04-29",
        "symbol": "COO",
        "period": "Q2",
        "profitloss": 60900000,
        "othercomprehensiveincomeforeigncurrencytransactionandtranslationgainlossarisingduringperiodnetoftax": -43000000,
        "comprehensiveincomenetoftax": 17900000,
        "salesrevenuenet": 210400000,
        "costofgoodsandservicessold": 226800000,
        "grossprofit": 404500000,
        "sellinggeneralandadministrativeexpense": 247900000,
        "researchanddevelopmentexpense": 20800000,
        "amortizationofintangibleassets": 36700000,
        "impairmentofintangibleassetsfinitelived": 24400000,
        "operatingincomeloss": -19000000,
        "interestexpense": 18700000,
        "nonoperatingincomeexpense": -2000000,
        "incomelossfromcontinuingoperationsbeforeincometaxesminorityinterestandincomelossfromequitymethodinvestments": 54000000,
        "incometaxexpensebenefit": -6900000,
        "netincomeloss": 60900000,
        "earningspersharebasic": 1.24,
        "earningspersharediluted": 1.23,
        "weightedaveragenumberofsharesoutstandingbasic": 49100000,
        "weightedaveragenumberofdilutedsharesoutstanding": 49600000
    },
    {
        "date": "2018-01-30",
        "symbol": "COO",
        "period": "Q1",
        "profitloss": -122500000,
        "othercomprehensiveincomeforeigncurrencytransactionandtranslationgainlossarisingduringperiodnetoftax": 102300000,
        "comprehensiveincomenetoftax": -20200000,
        "salesrevenuenet": 444800000,
        "costofgoodsandservicessold": 219100000,
        "grossprofit": 370900000,
        "sellinggeneralandadministrativeexpense": 225900000,
        "researchanddevelopmentexpense": 18800000,
        "amortizationofintangibleassets": 36000000,
        "operatingincomeloss": 112300000,
        "interestexpense": 18400000,
        "nonoperatingincomeexpense": 3000000,
        "incomelossfromcontinuingoperationsbeforeincometaxesminorityinterestandincomelossfromequitymethodinvestments": 74800000,
        "incometaxexpensebenefit": 197300000,
        "netincomeloss": -122500000,
        "earningspersharebasic": -2.5,
        "earningspersharediluted": -2.5,
        "weightedaveragenumberofsharesoutstandingbasic": 48900000,
        "weightedaveragenumberofdilutedsharesoutstanding": 48900000
    },
    {
        "date": "2017-10-30",
        "symbol": "COO",
        "period": "Q4",
        "profitloss": 88600000,
        "othercomprehensiveincomeforeigncurrencytransactionandtranslationgainlossarisingduringperiodnetoftax": 2900000,
        "comprehensiveincomenetoftaxincludingportionattributabletononcontrollinginterest": 98100000,
        "comprehensiveincomenetoftax": 98100000,
        "salesrevenuenet": 689800000,
        "costofgoodsandservicessold": 208200000,
        "grossprofit": 353300000,
        "sellinggeneralandadministrativeexpense": 208500000,
        "researchanddevelopmentexpense": 18600000,
        "amortizationofintangibleassets": 17700000,
        "operatingincomeloss": 38000000,
        "interestexpense": 10100000,
        "nonoperatingincomeexpense": -1700000,
        "incomelossfromcontinuingoperationsbeforeincometaxesminorityinterestandincomelossfromequitymethodinvestments": 96700000,
        "incometaxexpensebenefit": 8100000,
        "netincomeloss": 88600000,
        "earningspersharebasic": 1.8199999999999996,
        "earningspersharediluted": 1.7799999999999996,
        "weightedaveragenumberofsharesoutstandingbasic": -97800000,
        "weightedaveragenumberofdilutedsharesoutstanding": -98899000
    },
    {
        "date": "2017-07-30",
        "symbol": "COO",
        "period": "Q3",
        "profitloss": 103600000,
        "othercomprehensiveincomeforeigncurrencytransactionandtranslationgainlossarisingduringperiodnetoftax": 38300000,
        "comprehensiveincomenetoftaxincludingportionattributabletononcontrollinginterest": 141900000,
        "comprehensiveincomenetoftax": 141900000,
        "salesrevenuenet": 200600000,
        "costofgoodsandservicessold": 199800000,
        "grossprofit": 356200000,
        "sellinggeneralandadministrativeexpense": 208700000,
        "researchanddevelopmentexpense": 17500000,
        "amortizationofintangibleassets": 17200000,
        "operatingincomeloss": -11600000,
        "interestexpense": 8300000,
        "nonoperatingincomeexpense": 3200000,
        "incomelossfromcontinuingoperationsbeforeincometaxesminorityinterestandincomelossfromequitymethodinvestments": 107700000,
        "incometaxexpensebenefit": 4100000,
        "netincomeloss": 103600000,
        "earningspersharebasic": 2.12,
        "earningspersharediluted": 2.09,
        "weightedaveragenumberofsharesoutstandingbasic": 48900000,
        "weightedaveragenumberofdilutedsharesoutstanding": 49600000
    },
    {
        "date": "2017-04-29",
        "symbol": "COO",
        "period": "Q2",
        "profitloss": 104900000,
        "othercomprehensiveincomeforeigncurrencytransactionandtranslationgainlossarisingduringperiodnetoftax": 38300000,
        "comprehensiveincomenetoftaxincludingportionattributabletononcontrollinginterest": 143200000,
        "comprehensiveincomenetoftax": 143200000,
        "salesrevenuenet": 175600000,
        "costofgoodsandservicessold": 178500000,
        "grossprofit": 343900000,
        "sellinggeneralandadministrativeexpense": 193300000,
        "researchanddevelopmentexpense": 16800000,
        "amortizationofintangibleassets": 16700000,
        "operatingincomeloss": -11800000,
        "interestexpense": 7700000,
        "nonoperatingincomeexpense": 100000,
        "incomelossfromcontinuingoperationsbeforeincometaxesminorityinterestandincomelossfromequitymethodinvestments": 109500000,
        "incometaxexpensebenefit": 4600000,
        "netincomeloss": 104900000,
        "earningspersharebasic": 2.14,
        "earningspersharediluted": 2.12,
        "weightedaveragenumberofsharesoutstandingbasic": 49000000,
        "weightedaveragenumberofdilutedsharesoutstanding": 49499000
    },
    {
        "date": "2017-01-30",
        "symbol": "COO",
        "period": "Q1",
        "profitloss": 75800000,
        "othercomprehensiveincomeforeigncurrencytransactionandtranslationgainlossarisingduringperiodnetoftax": 28200000,
        "comprehensiveincomenetoftaxincludingportionattributabletononcontrollinginterest": 104000000,
        "comprehensiveincomenetoftax": 104000000,
        "salesrevenuenet": 120700000,
        "costofgoodsandservicessold": 186700000,
        "grossprofit": 312400000,
        "sellinggeneralandadministrativeexpense": 188600000,
        "researchanddevelopmentexpense": 16300000,
        "amortizationofintangibleassets": 16800000,
        "operatingincomeloss": -13000000,
        "interestexpense": 7300000,
        "nonoperatingincomeexpense": -3300000,
        "incomelossfromcontinuingoperationsbeforeincometaxesminorityinterestandincomelossfromequitymethodinvestments": 80100000,
        "incometaxexpensebenefit": 4300000,
        "netincomeloss": 75800000,
        "earningspersharebasic": 1.55,
        "earningspersharediluted": 1.53,
        "weightedaveragenumberofsharesoutstandingbasic": 48800000,
        "weightedaveragenumberofdilutedsharesoutstanding": 49400000
    },
    {
        "date": "2016-10-30",
        "symbol": "COO",
        "period": "Q4",
        "profitloss": 60495000,
        "othercomprehensiveincomeforeigncurrencytransactionandtranslationgainlossarisingduringperiodnetoftax": -101237000,
        "othercomprehensiveincomelosspensionandotherpostretirementbenefitplansadjustmentnetoftax": 8330000,
        "othercomprehensiveincomelossnetoftax": -109567000,
        "comprehensiveincomenetoftaxincludingportionattributabletononcontrollinginterest": -49072000,
        "comprehensiveincomenetoftaxattributabletononcontrollinginterest": -8000,
        "comprehensiveincomenetoftax": -49064000,
        "salesrevenuenet": 639500000,
        "costofgoodsandservicessold": 222678000,
        "grossprofit": 295976000,
        "sellinggeneralandadministrativeexpense": 189132000,
        "researchanddevelopmentexpense": 17941000,
        "amortizationofintangibleassets": 14722000,
        "operatingincomeloss": 39800000,
        "interestexpense": 5305000,
        "nonoperatingincomeexpense": -44000,
        "incomelossfromcontinuingoperationsbeforeincometaxesminorityinterestandincomelossfromequitymethodinvestments": 68888000,
        "incometaxexpensebenefit": 8355000,
        "netincomelossattributabletononcontrollinginterest": -13000,
        "netincomeloss": 60533000,
        "earningspersharebasic": 1.2500000000000004,
        "earningspersharediluted": 1.2299999999999998,
        "weightedaveragenumberofsharesoutstandingbasic": -96758000,
        "weightedaveragenumberofdilutedsharesoutstanding": -97741000
    },
    {
        "date": "2016-07-30",
        "symbol": "COO",
        "period": "Q3",
        "profitloss": 88243000,
        "othercomprehensiveincomeforeigncurrencytransactionandtranslationgainlossarisingduringperiodnetoftax": -126887000,
        "othercomprehensiveincomelosspensionandotherpostretirementbenefitplansadjustmentnetoftax": -7000,
        "othercomprehensiveincomelossnetoftax": -126880000,
        "comprehensiveincomenetoftaxincludingportionattributabletononcontrollinginterest": -38637000,
        "comprehensiveincomenetoftaxattributabletononcontrollinginterest": 253000,
        "comprehensiveincomenetoftax": -38890000,
        "salesrevenuenet": 182800000,
        "costofgoodsandservicessold": 198085000,
        "grossprofit": 316641000,
        "sellinggeneralandadministrativeexpense": 182403000,
        "researchanddevelopmentexpense": 16013000,
        "amortizationofintangibleassets": 15553000,
        "operatingincomeloss": -11400000,
        "interestexpense": 8000000,
        "nonoperatingincomeexpense": -1274000,
        "incomelossfromcontinuingoperationsbeforeincometaxesminorityinterestandincomelossfromequitymethodinvestments": 93415000,
        "incometaxexpensebenefit": 5172000,
        "netincomelossattributabletononcontrollinginterest": 315000,
        "netincomeloss": 87928000,
        "earningspersharebasic": 1.81,
        "earningspersharediluted": 1.79,
        "weightedaveragenumberofsharesoutstandingbasic": 48578000,
        "weightedaveragenumberofdilutedsharesoutstanding": 49048000
    },
    {
        "date": "2016-04-29",
        "symbol": "COO",
        "period": "Q2",
        "profitloss": 74455000,
        "othercomprehensiveincomeforeigncurrencytransactionandtranslationgainlossarisingduringperiodnetoftax": 52273000,
        "othercomprehensiveincomelosspensionandotherpostretirementbenefitplansadjustmentnetoftax": -7000,
        "othercomprehensiveincomelossnetoftax": 52280000,
        "comprehensiveincomenetoftaxincludingportionattributabletononcontrollinginterest": 126735000,
        "comprehensiveincomenetoftaxattributabletononcontrollinginterest": 751000,
        "comprehensiveincomenetoftax": 125984000,
        "salesrevenuenet": 165900000,
        "costofgoodsandservicessold": 185295000,
        "grossprofit": 298498000,
        "sellinggeneralandadministrativeexpense": 177659000,
        "researchanddevelopmentexpense": 16696000,
        "amortizationofintangibleassets": 14312000,
        "operatingincomeloss": -11500000,
        "interestexpense": 7611000,
        "nonoperatingincomeexpense": 418000,
        "incomelossfromcontinuingoperationsbeforeincometaxesminorityinterestandincomelossfromequitymethodinvestments": 82600000,
        "incometaxexpensebenefit": 8183000,
        "netincomelossattributabletononcontrollinginterest": 330000,
        "netincomeloss": 74100000,
        "earningspersharebasic": 1.53,
        "earningspersharediluted": 1.52,
        "weightedaveragenumberofsharesoutstandingbasic": 48400000,
        "weightedaveragenumberofdilutedsharesoutstanding": 48853000
    },
    {
        "date": "2016-01-30",
        "symbol": "COO",
        "period": "Q1",
        "profitloss": 51741000,
        "othercomprehensiveincomeforeigncurrencytransactionandtranslationgainlossarisingduringperiodnetoftax": -113797000,
        "othercomprehensiveincomelosspensionandotherpostretirementbenefitplansadjustmentnetoftax": -7000,
        "othercomprehensiveincomelossnetoftax": -113790000,
        "comprehensiveincomenetoftaxincludingportionattributabletononcontrollinginterest": -62049000,
        "comprehensiveincomenetoftaxattributabletononcontrollinginterest": -6000,
        "comprehensiveincomenetoftax": -62043000,
        "salesrevenuenet": 157000000,
        "costofgoodsandservicessold": 187677000,
        "grossprofit": 261964000,
        "sellinggeneralandadministrativeexpense": 173604000,
        "researchanddevelopmentexpense": 14761000,
        "amortizationofintangibleassets": 16203000,
        "operatingincomeloss": -10900000,
        "interestexpense": 5274000,
        "nonoperatingincomeexpense": -1400000,
        "incomelossfromcontinuingoperationsbeforeincometaxesminorityinterestandincomelossfromequitymethodinvestments": 50730000,
        "incometaxexpensebenefit": -1011000,
        "netincomelossattributabletononcontrollinginterest": 385000,
        "netincomeloss": 51356000,
        "earningspersharebasic": 1.06,
        "earningspersharediluted": 1.05,
        "weightedaveragenumberofsharesoutstandingbasic": 48300000,
        "weightedaveragenumberofdilutedsharesoutstanding": 48840000
    },
    {
        "date": "2015-10-30",
        "symbol": "COO",
        "period": "Q4",
        "profitloss": 37015000,
        "othercomprehensiveincomeforeigncurrencytransactionandtranslationgainlossarisingduringperiodnetoftax": -17397000,
        "othercomprehensiveincomelosspensionandotherpostretirementbenefitplansadjustmentnetoftax": 6106000,
        "othercomprehensiveincomelossnetoftax": -23503000,
        "comprehensiveincomenetoftaxincludingportionattributabletononcontrollinginterest": 13512000,
        "comprehensiveincomenetoftaxattributabletononcontrollinginterest": 67000,
        "comprehensiveincomenetoftax": 13445000,
        "salesrevenuenet": 652821000,
        "costofgoodsandservicessold": 202228000,
        "grossprofit": 253308000,
        "sellinggeneralandadministrativeexpense": 179642000,
        "researchanddevelopmentexpense": 18360000,
        "amortizationofintangibleassets": 13053000,
        "operatingincomeloss": -2334000,
        "interestexpense": 4777000,
        "nonoperatingincomeexpense": -1046000,
        "incomelossfromcontinuingoperationsbeforeincometaxesminorityinterestandincomelossfromequitymethodinvestments": 36427000,
        "incometaxexpensebenefit": -588000,
        "netincomelossattributabletononcontrollinginterest": 336000,
        "netincomeloss": 36679000,
        "earningspersharebasic": 0.75,
        "earningspersharediluted": 0.7499999999999996,
        "weightedaveragenumberofsharesoutstandingbasic": 31000,
        "weightedaveragenumberofdilutedsharesoutstanding": 22000
    },
    {
        "date": "2015-07-30",
        "symbol": "COO",
        "period": "Q3",
        "profitloss": 45243000,
        "othercomprehensiveincomeforeigncurrencytransactionandtranslationgainlossarisingduringperiodnetoftax": 17224000,
        "othercomprehensiveincomelosspensionandotherpostretirementbenefitplansadjustmentnetoftax": -8000,
        "othercomprehensiveincomelossnetoftax": 17232000,
        "comprehensiveincomenetoftaxincludingportionattributabletononcontrollinginterest": 62475000,
        "comprehensiveincomenetoftaxattributabletononcontrollinginterest": -118000,
        "comprehensiveincomenetoftax": 62593000,
        "salesrevenuenet": 173829000,
        "costofgoodsandservicessold": 188790000,
        "grossprofit": 272887000,
        "sellinggeneralandadministrativeexpense": 191783000,
        "researchanddevelopmentexpense": 18297000,
        "amortizationofintangibleassets": 12495000,
        "operatingincomeloss": -11091000,
        "interestexpense": 4690000,
        "nonoperatingincomeexpense": -1021000,
        "incomelossfromcontinuingoperationsbeforeincometaxesminorityinterestandincomelossfromequitymethodinvestments": 44601000,
        "incometaxexpensebenefit": -642000,
        "netincomelossattributabletononcontrollinginterest": 291000,
        "netincomeloss": 44952000,
        "earningspersharebasic": 0.9300000000000002,
        "earningspersharediluted": 0.9100000000000001,
        "weightedaveragenumberofsharesoutstandingbasic": 91000,
        "weightedaveragenumberofdilutedsharesoutstanding": 18000
    },
    {
        "date": "2015-04-29",
        "symbol": "COO",
        "period": "Q2",
        "profitloss": 61137000,
        "othercomprehensiveincomeforeigncurrencytransactionandtranslationgainlossarisingduringperiodnetoftax": 34368000,
        "othercomprehensiveincomeunrealizedgainlossonderivativesarisingduringperiodnetoftax": 0,
        "othercomprehensiveincomelosspensionandotherpostretirementbenefitplansadjustmentnetoftax": -7000,
        "othercomprehensiveincomelossnetoftax": 34375000,
        "comprehensiveincomenetoftaxincludingportionattributabletononcontrollinginterest": 95512000,
        "comprehensiveincomenetoftaxattributabletononcontrollinginterest": 1232000,
        "comprehensiveincomenetoftax": 94280000,
        "othercomprehensiveincomelossderivativesqualifyingashedgestax": 0,
        "salesrevenuenet": 154683000,
        "costofgoodsandservicessold": 166960000,
        "grossprofit": 267716000,
        "sellinggeneralandadministrativeexpense": 167583000,
        "researchanddevelopmentexpense": 16819000,
        "amortizationofintangibleassets": 12316000,
        "operatingincomeloss": -10900000,
        "interestexpense": 4692000,
        "nonoperatingincomeexpense": 686000,
        "incomelossfromcontinuingoperationsbeforeincometaxesminorityinterestandincomelossfromequitymethodinvestments": 66992000,
        "incometaxexpensebenefit": 5855000,
        "netincomelossattributabletononcontrollinginterest": 424000,
        "netincomeloss": 60713000,
        "earningspersharebasic": 1.25,
        "earningspersharediluted": 1.23,
        "weightedaveragenumberofsharesoutstandingbasic": 128000,
        "weightedaveragenumberofdilutedsharesoutstanding": 57000
    },
    {
        "date": "2015-01-30",
        "symbol": "COO",
        "period": "Q1",
        "profitloss": 61749000,
        "othercomprehensiveincomeforeigncurrencytransactionandtranslationgainlossarisingduringperiodnetoftax": -113619000,
        "othercomprehensiveincomeunrealizedgainlossonderivativesarisingduringperiodnetoftax": 47000,
        "othercomprehensiveincomelosspensionandotherpostretirementbenefitplansadjustmentnetoftax": -7000,
        "othercomprehensiveincomelossnetoftax": -113565000,
        "comprehensiveincomenetoftaxincludingportionattributabletononcontrollinginterest": -51816000,
        "comprehensiveincomenetoftaxattributabletononcontrollinginterest": -648000,
        "comprehensiveincomenetoftax": -51168000,
        "othercomprehensiveincomelossderivativesqualifyingashedgestax": 30000,
        "salesrevenuenet": 159067000,
        "costofgoodsandservicessold": 168820000,
        "grossprofit": 276351000,
        "sellinggeneralandadministrativeexpense": 173535000,
        "researchanddevelopmentexpense": 16113000,
        "amortizationofintangibleassets": 13595000,
        "operatingincomeloss": -13275000,
        "interestexpense": 3941000,
        "nonoperatingincomeexpense": -1702000,
        "incomelossfromcontinuingoperationsbeforeincometaxesminorityinterestandincomelossfromequitymethodinvestments": 67465000,
        "incometaxexpensebenefit": 5716000,
        "netincomelossattributabletononcontrollinginterest": 570000,
        "netincomeloss": 61179000,
        "earningspersharebasic": 1.27,
        "earningspersharediluted": 1.25,
        "weightedaveragenumberofsharesoutstandingbasic": 48202000,
        "weightedaveragenumberofdilutedsharesoutstanding": 49082000
    },
    {
        "date": "2014-10-30",
        "symbol": "COO",
        "period": "Q4",
        "profitloss": 31256000,
        "othercomprehensiveincomeforeigncurrencytransactionandtranslationgainlossarisingduringperiodnetoftax": -101932000,
        "othercomprehensiveincomeunrealizedgainlossonderivativesarisingduringperiodnetoftax": 140000,
        "othercomprehensiveincomelosspensionandotherpostretirementbenefitplansadjustmentnetoftax": 3664000,
        "othercomprehensiveincomelossnetoftax": -105456000,
        "comprehensiveincomenetoftaxincludingportionattributabletononcontrollinginterest": -74200000,
        "comprehensiveincomenetoftaxattributabletononcontrollinginterest": -385000,
        "comprehensiveincomenetoftax": -73815000,
        "othercomprehensiveincomelossderivativesqualifyingashedgestax": 89000,
        "salesrevenuenet": 566641000,
        "costofgoodsandservicessold": 188445000,
        "grossprofit": 279552000,
        "sellinggeneralandadministrativeexpense": 208020000,
        "researchanddevelopmentexpense": 18182000,
        "amortizationofintangibleassets": 465000,
        "operatingincomeloss": -30167000,
        "interestexpense": 1687000,
        "nonoperatingincomeexpense": -1249000,
        "incomelossfromcontinuingoperationsbeforeincometaxesminorityinterestandincomelossfromequitymethodinvestments": 34874000,
        "incometaxexpensebenefit": 3618000,
        "netincomelossattributabletononcontrollinginterest": 470000,
        "netincomeloss": 30786000,
        "earningspersharebasic": 0.6300000000000003,
        "earningspersharediluted": 0.6199999999999999,
        "weightedaveragenumberofsharesoutstandingbasic": -95906000,
        "weightedaveragenumberofdilutedsharesoutstanding": -97722000
    },
    {
        "date": "2014-07-30",
        "symbol": "COO",
        "period": "Q3",
        "profitloss": 88672000,
        "othercomprehensiveincomeforeigncurrencytransactionandtranslationgainlossarisingduringperiodnetoftax": -8989000,
        "othercomprehensiveincomeunrealizedgainlossonderivativesarisingduringperiodnetoftax": 225000,
        "othercomprehensiveincomelosspensionandotherpostretirementbenefitplansadjustmentnetoftax": -7000,
        "othercomprehensiveincomelossnetoftax": -8757000,
        "comprehensiveincomenetoftaxincludingportionattributabletononcontrollinginterest": 79915000,
        "comprehensiveincomenetoftaxattributabletononcontrollinginterest": 471000,
        "comprehensiveincomenetoftax": 79444000,
        "othercomprehensiveincomelossderivativesqualifyingashedgestax": 144000,
        "salesrevenuenet": 196032000,
        "costofgoodsandservicessold": 151892000,
        "grossprofit": 280590000,
        "sellinggeneralandadministrativeexpense": 161203000,
        "researchanddevelopmentexpense": 16070000,
        "amortizationofintangibleassets": 6752000,
        "operatingincomeloss": 18419000,
        "interestexpense": 1499000,
        "nonoperatingincomeexpense": -683000,
        "incomelossfromcontinuingoperationsbeforeincometaxesminorityinterestandincomelossfromequitymethodinvestments": 94383000,
        "incometaxexpensebenefit": 5711000,
        "netincomelossattributabletononcontrollinginterest": 605000,
        "netincomeloss": 88067000,
        "earningspersharebasic": 1.83,
        "earningspersharediluted": 1.8,
        "weightedaveragenumberofsharesoutstandingbasic": 48042000,
        "weightedaveragenumberofdilutedsharesoutstanding": 48922000
    },
    {
        "date": "2014-04-29",
        "symbol": "COO",
        "period": "Q2",
        "profitloss": 79636000,
        "othercomprehensiveincomeforeigncurrencytransactionandtranslationgainlossarisingduringperiodnetoftax": 19962000,
        "othercomprehensiveincomeunrealizedgainlossonderivativesarisingduringperiodnetoftax": 274000,
        "othercomprehensiveincomelosspensionandotherpostretirementbenefitplansadjustmentnetoftax": -7000,
        "othercomprehensiveincomelossnetoftax": 20243000,
        "comprehensiveincomenetoftaxincludingportionattributabletononcontrollinginterest": 99879000,
        "comprehensiveincomenetoftaxattributabletononcontrollinginterest": 649000,
        "comprehensiveincomenetoftax": 99230000,
        "othercomprehensiveincomelossderivativesqualifyingashedgestax": 175000,
        "salesrevenuenet": 119075000,
        "costofgoodsandservicessold": 143818000,
        "grossprofit": 268499000,
        "sellinggeneralandadministrativeexpense": 155804000,
        "researchanddevelopmentexpense": 16295000,
        "amortizationofintangibleassets": 7476000,
        "operatingincomeloss": 18098000,
        "interestexpense": 1558000,
        "nonoperatingincomeexpense": 455000,
        "incomelossfromcontinuingoperationsbeforeincometaxesminorityinterestandincomelossfromequitymethodinvestments": 87821000,
        "incometaxexpensebenefit": 8185000,
        "netincomelossattributabletononcontrollinginterest": 476000,
        "netincomeloss": 79160000,
        "earningspersharebasic": 1.65,
        "earningspersharediluted": 1.62,
        "weightedaveragenumberofsharesoutstandingbasic": 47919000,
        "weightedaveragenumberofdilutedsharesoutstanding": 48754000
    },
    {
        "date": "2014-01-30",
        "symbol": "COO",
        "period": "Q1",
        "profitloss": 72265000,
        "othercomprehensiveincomeforeigncurrencytransactionandtranslationgainlossarisingduringperiodnetoftax": 3196000,
        "othercomprehensiveincomeunrealizedgainlossonderivativesarisingduringperiodnetoftax": 347000,
        "othercomprehensiveincomelosspensionandotherpostretirementbenefitplansadjustmentnetoftax": -7000,
        "othercomprehensiveincomelossnetoftax": 3550000,
        "comprehensiveincomenetoftaxincludingportionattributabletononcontrollinginterest": 75815000,
        "comprehensiveincomenetoftaxattributabletononcontrollinginterest": -2000,
        "comprehensiveincomenetoftax": 75817000,
        "othercomprehensiveincomelossderivativesqualifyingashedgestax": 222000,
        "salesrevenuenet": 122640000,
        "costofgoodsandservicessold": 142051000,
        "grossprofit": 262929000,
        "sellinggeneralandadministrativeexpense": 158088000,
        "researchanddevelopmentexpense": 15712000,
        "amortizationofintangibleassets": 7507000,
        "operatingincomeloss": -16680000,
        "interestexpense": 1656000,
        "nonoperatingincomeexpense": -510000,
        "incomelossfromcontinuingoperationsbeforeincometaxesminorityinterestandincomelossfromequitymethodinvestments": 79456000,
        "incometaxexpensebenefit": 7191000,
        "netincomelossattributabletononcontrollinginterest": 422000,
        "netincomeloss": 71843000,
        "earningspersharebasic": 1.5,
        "earningspersharediluted": 1.47,
        "weightedaveragenumberofsharesoutstandingbasic": 48006000,
        "weightedaveragenumberofdilutedsharesoutstanding": 49006000
    },
    {
        "date": "2013-10-30",
        "symbol": "COO",
        "period": "Q4",
        "profitloss": 57312000,
        "othercomprehensiveincomeforeigncurrencytransactionandtranslationgainlossarisingduringperiodnetoftax": 28715000,
        "othercomprehensiveincomeunrealizedgainlossonderivativesarisingduringperiodnetoftax": 328000,
        "othercomprehensiveincomelosspensionandotherpostretirementbenefitplansadjustmentnetoftax": -11579000,
        "othercomprehensiveincomelossnetoftax": 40626000,
        "comprehensiveincomenetoftaxincludingportionattributabletononcontrollinginterest": 97938000,
        "comprehensiveincomenetoftaxattributabletononcontrollinginterest": 23000,
        "comprehensiveincomenetoftax": 97915000,
        "othercomprehensiveincomelossderivativesqualifyingashedgestax": 210000,
        "salesrevenuenet": -453728000,
        "costofgoodsandservicessold": 147994000,
        "grossprofit": 263858000,
        "sellinggeneralandadministrativeexpense": 157248000,
        "researchanddevelopmentexpense": 15819000,
        "amortizationofintangibleassets": 7686000,
        "operatingincomeloss": 246362000,
        "interestexpense": 1900000,
        "nonoperatingincomeexpense": 949000,
        "incomelossfromcontinuingoperationsbeforeincometaxesminorityinterestandincomelossfromequitymethodinvestments": 61092000,
        "incometaxexpensebenefit": 3780000,
        "netincomelossattributabletononcontrollinginterest": -85000,
        "netincomeloss": 57397000,
        "earningspersharebasic": 1.1799999999999997,
        "earningspersharediluted": 1.15,
        "weightedaveragenumberofsharesoutstandingbasic": 27000,
        "weightedaveragenumberofdilutedsharesoutstanding": 62000
    },
    {
        "date": "2013-07-30",
        "symbol": "COO",
        "period": "Q3",
        "profitloss": 89193000,
        "othercomprehensiveincomeforeigncurrencytransactionandtranslationgainlossarisingduringperiodnetoftax": -12698000,
        "othercomprehensiveincomeunrealizedgainlossonderivativesarisingduringperiodnetoftax": 406000,
        "othercomprehensiveincomelosspensionandotherpostretirementbenefitplansadjustmentnetoftax": -8000,
        "othercomprehensiveincomeunrealizedholdinggainlossonsecuritiesarisingduringperiodnetoftax": -6000,
        "othercomprehensiveincomelossnetoftax": -12385000,
        "comprehensiveincomenetoftaxincludingportionattributabletononcontrollinginterest": 76808000,
        "comprehensiveincomenetoftaxattributabletononcontrollinginterest": -114000,
        "comprehensiveincomenetoftax": 76922000,
        "othercomprehensiveincomelossderivativesqualifyingashedgestax": 260000,
        "othercomprehensiveincomeunrealizedholdinggainlossonsecuritiesarisingduringperiodtax": -3000,
        "salesrevenuenet": 754900000,
        "costofgoodsandservicessold": 143720000,
        "grossprofit": 268273000,
        "sellinggeneralandadministrativeexpense": 152141000,
        "researchanddevelopmentexpense": 14865000,
        "amortizationofintangibleassets": 7658000,
        "operatingincomeloss": 16430000,
        "interestexpense": 2258000,
        "unusualorinfrequentiteminsuranceproceeds": 0,
        "nonoperatingincomeexpense": -88000,
        "incomelossfromcontinuingoperationsbeforeincometaxesminorityinterestandincomelossfromequitymethodinvestments": 91263000,
        "incometaxexpensebenefit": 2070000,
        "netincomelossattributabletononcontrollinginterest": 242000,
        "netincomeloss": 88951000,
        "earningspersharebasic": 1.8200000000000003,
        "earningspersharediluted": 1.7899999999999996,
        "weightedaveragenumberofsharesoutstandingbasic": 103000,
        "weightedaveragenumberofdilutedsharesoutstanding": 68000
    },
    {
        "date": "2013-04-29",
        "symbol": "COO",
        "period": "Q2",
        "profitloss": 75466000,
        "othercomprehensiveincomeforeigncurrencytransactionandtranslationgainlossarisingduringperiodnetoftax": -14783000,
        "othercomprehensiveincomeunrealizedgainlossonderivativesarisingduringperiodnetoftax": 244000,
        "othercomprehensiveincomelosspensionandotherpostretirementbenefitplansadjustmentnetoftax": -7000,
        "othercomprehensiveincomeunrealizedholdinggainlossonsecuritiesarisingduringperiodnetoftax": 25000,
        "othercomprehensiveincomelossnetoftax": -14507000,
        "comprehensiveincomenetoftaxincludingportionattributabletononcontrollinginterest": 60959000,
        "comprehensiveincomenetoftaxattributabletononcontrollinginterest": -266000,
        "comprehensiveincomenetoftax": 61225000,
        "othercomprehensiveincomelossderivativesqualifyingashedgestax": 156000,
        "othercomprehensiveincomeunrealizedholdinggainlossonsecuritiesarisingduringperiodtax": 13000,
        "salesrevenuenet": 77817000,
        "costofgoodsandservicessold": 129862000,
        "grossprofit": 254179000,
        "sellinggeneralandadministrativeexpense": 150693000,
        "researchanddevelopmentexpense": 14490000,
        "amortizationofintangibleassets": 7524000,
        "operatingincomeloss": 38779000,
        "interestexpense": 2443000,
        "unusualorinfrequentiteminsuranceproceeds": -5016000,
        "nonoperatingincomeexpense": -89000,
        "incomelossfromcontinuingoperationsbeforeincometaxesminorityinterestandincomelossfromequitymethodinvestments": 78940000,
        "incometaxexpensebenefit": 3474000,
        "netincomelossattributabletononcontrollinginterest": 330000,
        "netincomeloss": 75136000,
        "earningspersharebasic": 1.5499999999999998,
        "earningspersharediluted": 1.52,
        "weightedaveragenumberofsharesoutstandingbasic": 9000,
        "weightedaveragenumberofdilutedsharesoutstanding": -78000
    },
    {
        "date": "2013-01-30",
        "symbol": "COO",
        "period": "Q1",
        "profitloss": 74935000,
        "othercomprehensiveincomeforeigncurrencytransactionandtranslationgainlossarisingduringperiodnetoftax": 1373000,
        "othercomprehensiveincomeunrealizedgainlossonderivativesarisingduringperiodnetoftax": 363000,
        "othercomprehensiveincomelosspensionandotherpostretirementbenefitplansadjustmentnetoftax": -7000,
        "othercomprehensiveincomeunrealizedholdinggainlossonsecuritiesarisingduringperiodnetoftax": 22000,
        "othercomprehensiveincomelossnetoftax": 1765000,
        "comprehensiveincomenetoftaxincludingportionattributabletononcontrollinginterest": 76700000,
        "comprehensiveincomenetoftaxattributabletononcontrollinginterest": -360000,
        "comprehensiveincomenetoftax": 77060000,
        "othercomprehensiveincomelossderivativesqualifyingashedgestax": 231000,
        "othercomprehensiveincomeunrealizedholdinggainlossonsecuritiesarisingduringperiodtax": 12000,
        "salesrevenuenet": 108530000,
        "costofgoodsandservicessold": 139341000,
        "grossprofit": 240498000,
        "sellinggeneralandadministrativeexpense": 150653000,
        "researchanddevelopmentexpense": 13653000,
        "amortizationofintangibleassets": 7371000,
        "operatingincomeloss": -12299000,
        "interestexpense": 2567000,
        "unusualorinfrequentiteminsuranceproceeds": 19100000,
        "nonoperatingincomeexpense": 638000,
        "incomelossfromcontinuingoperationsbeforeincometaxesminorityinterestandincomelossfromequitymethodinvestments": 80976000,
        "incometaxexpensebenefit": 6041000,
        "netincomelossattributabletononcontrollinginterest": 268000,
        "netincomeloss": 74667000,
        "earningspersharebasic": 1.54,
        "earningspersharediluted": 1.5,
        "weightedaveragenumberofsharesoutstandingbasic": 48476000,
        "weightedaveragenumberofdilutedsharesoutstanding": 49633000
    },
    {
        "date": "2012-07-30",
        "symbol": "COO",
        "period": "Q3",
        "netincomeloss": 66875000,
        "othercomprehensiveincomeforeigncurrencytransactionandtranslationgainlossarisingduringperiodnetoftax": -17501000,
        "othercomprehensiveincomeunrealizedgainlossonderivativesarisingduringperiodnetoftax": -53000,
        "othercomprehensiveincomelosspensionandotherpostretirementbenefitplansadjustmentnetoftax": -7000,
        "marketablesecuritiesunrealizedgainloss": -16000,
        "othercomprehensiveincomelossnetoftaxportionattributabletoparent": -17563000,
        "comprehensiveincomenetoftax": 49312000,
        "salesrevenuenet": 176783000,
        "costofgoodsandservicessold": 138089000,
        "grossprofit": 240097000,
        "sellinggeneralandadministrativeexpense": 143830000,
        "researchanddevelopmentexpense": 13156000,
        "amortizationofintangibleassets": 5861000,
        "operatingincomeloss": -9991000,
        "interestexpense": 2315000,
        "gainslossesonextinguishmentofdebt": -1404000,
        "nonoperatingincomeexpense": -2223000,
        "incomelossfromcontinuingoperationsbeforeincometaxesminorityinterestandincomelossfromequitymethodinvestments": 71308000,
        "incometaxexpensebenefit": 4433000,
        "earningspersharebasic": 1.39,
        "earningspersharediluted": 1.36,
        "weightedaveragenumberofsharesoutstandingbasic": 48110000,
        "weightedaveragenumberofdilutedsharesoutstanding": 49302000
    },
    {
        "date": "2012-04-29",
        "symbol": "COO",
        "period": "Q2",
        "salesrevenuenet": 89374000,
        "costofgoodsandservicessold": 123893000,
        "grossprofit": 220696000,
        "sellinggeneralandadministrativeexpense": 136962000,
        "researchanddevelopmentexpense": 13031000,
        "amortizationofintangibleassets": 5263000,
        "operatingincomeloss": -8881000,
        "interestexpense": 3071000,
        "nonoperatingincomeexpense": 310000,
        "incomelossfromcontinuingoperationsbeforeincometaxesminorityinterestandincomelossfromequitymethodinvestments": 62679000,
        "incometaxexpensebenefit": 7758000,
        "netincomeloss": 54921000,
        "earningspersharebasic": 1.15,
        "earningspersharediluted": 1.12,
        "weightedaveragenumberofsharesoutstandingbasic": 47708000,
        "weightedaveragenumberofdilutedsharesoutstanding": 49007000,
        "othercomprehensiveincomeforeigncurrencytransactionandtranslationgainlossarisingduringperiodnetoftax": 8521000,
        "othercomprehensiveincomeunrealizedgainlossonderivativesarisingduringperiodnetoftax": 365000,
        "othercomprehensiveincomelosspensionandotherpostretirementbenefitplansadjustmentnetoftax": -7000,
        "marketablesecuritiesunrealizedgainloss": 19000,
        "othercomprehensiveincomelossnetoftaxportionattributabletoparent": 8912000,
        "comprehensiveincomenetoftax": 63833000
    },
    {
        "date": "2012-01-30",
        "symbol": "COO",
        "period": "Q1",
        "salesrevenuenet": 81791000,
        "costofgoodsandservicessold": 115607000,
        "grossprofit": 210453000,
        "sellinggeneralandadministrativeexpense": 131748000,
        "researchanddevelopmentexpense": 11425000,
        "amortizationofintangibleassets": 5552000,
        "operatingincomeloss": -10043000,
        "interestexpense": 3662000,
        "nonoperatingincomeexpense": 681000,
        "incomelossfromcontinuingoperationsbeforeincometaxesminorityinterestandincomelossfromequitymethodinvestments": 58747000,
        "incometaxexpensebenefit": 4124000,
        "netincomeloss": 54623000,
        "earningspersharebasic": 1.15,
        "earningspersharediluted": 1.12,
        "weightedaveragenumberofsharesoutstandingbasic": 47674000,
        "weightedaveragenumberofdilutedsharesoutstanding": 48792000,
        "othercomprehensiveincomeforeigncurrencytransactionandtranslationgainlossarisingduringperiodnetoftax": -11835000,
        "othercomprehensiveincomeunrealizedgainlossonderivativesarisingduringperiodnetoftax": -80000,
        "othercomprehensiveincomeminimumpensionliabilitynetadjustmentnetoftax": -7000,
        "marketablesecuritiesunrealizedgainloss": 38000,
        "othercomprehensiveincomelossnetoftaxportionattributabletoparent": -11870000,
        "comprehensiveincomenetoftax": 42753000
    },
    {
        "date": "2011-07-30",
        "symbol": "COO",
        "period": "Q3",
        "salesrevenuenet": -369133000,
        "costofgoodsandservicessold": 148593000,
        "grossprofit": 202803000,
        "sellinggeneralandadministrativeexpense": 133618000,
        "researchanddevelopmentexpense": 11726000,
        "amortizationofintangibleassets": 5493000,
        "operatingincomeloss": -139937000,
        "interestexpense": 3217000,
        "nonoperatingincomeexpense": 386000,
        "incomelossfromcontinuingoperationsbeforeincometaxesminorityinterestandincomelossfromequitymethodinvestments": 43055000,
        "incometaxexpensebenefit": 4918000,
        "netincomeloss": 38137000,
        "earningspersharebasic": 0.8099999999999998,
        "earningspersharediluted": 0.77,
        "weightedaveragenumberofsharesoutstandingbasic": 364000,
        "weightedaveragenumberofdilutedsharesoutstanding": 555000,
        "othercomprehensiveincomeforeigncurrencytransactionandtranslationgainlossarisingduringperiodnetoftax": -5595000,
        "othercomprehensiveincomeunrealizedgainlossonderivativesarisingduringperiodnetoftax": -1065000,
        "othercomprehensiveincomeminimumpensionliabilitynetadjustmentnetoftax": -7000,
        "othercomprehensiveincomelossnetoftaxportionattributabletoparent": -6615000,
        "comprehensiveincomenetoftax": 31522000
    },
    {
        "date": "2011-04-29",
        "symbol": "COO",
        "period": "Q2",
        "salesrevenuenet": 325301000,
        "costofgoodsandservicessold": 123539000,
        "grossprofit": 201762000,
        "sellinggeneralandadministrativeexpense": 126382000,
        "researchanddevelopmentexpense": 10390000,
        "amortizationofintangibleassets": 4734000,
        "operatingincomeloss": 60256000,
        "interestexpense": 4268000,
        "nonoperatingincomeexpense": 220000,
        "incomelossfromcontinuingoperationsbeforeincometaxesminorityinterestandincomelossfromequitymethodinvestments": 39721000,
        "incometaxexpensebenefit": 4361000,
        "netincomeloss": 35360000,
        "earningspersharebasic": 0.75,
        "earningspersharediluted": 0.73,
        "weightedaveragenumberofsharesoutstandingbasic": 256000,
        "weightedaveragenumberofdilutedsharesoutstanding": 416000,
        "othercomprehensiveincomeforeigncurrencytransactionandtranslationgainlossarisingduringperiodnetoftax": 21615000,
        "othercomprehensiveincomeunrealizedgainlossonderivativesarisingduringperiodnetoftax": -2538000,
        "othercomprehensiveincomeminimumpensionliabilitynetadjustmentnetoftax": -9000,
        "othercomprehensiveincomelossnetoftaxportionattributabletoparent": 19086000,
        "comprehensiveincomenetoftax": 54446000
    },
    {
        "date": "2011-01-30",
        "symbol": "COO",
        "period": "Q1",
        "salesrevenuenet": 293229000,
        "costofgoodsandservicessold": 116623000,
        "grossprofit": 176606000,
        "sellinggeneralandadministrativeexpense": 113453000,
        "researchanddevelopmentexpense": 9727000,
        "businessacquisitionpreexistingrealtionshipgainrecognized": 6080000,
        "amortizationofintangibleassets": 4713000,
        "operatingincomeloss": 54793000,
        "interestexpense": 6951000,
        "nonoperatingincomeexpense": -734000,
        "incomelossfromcontinuingoperationsbeforeincometaxesminorityinterestandincomelossfromequitymethodinvestments": 47108000,
        "incometaxexpensebenefit": 1813000,
        "netincomeloss": 45295000,
        "earningspersharebasic": 0.99,
        "earningspersharediluted": 0.96,
        "weightedaveragenumberofsharesoutstandingbasic": 45986000,
        "weightedaveragenumberofdilutedsharesoutstanding": 47391000,
        "othercomprehensiveincomeforeigncurrencytransactionandtranslationgainlossarisingduringperiodnetoftax": 175000,
        "othercomprehensiveincomeunrealizedgainlossonderivativesarisingduringperiodnetoftax": 142000,
        "othercomprehensiveincomeminimumpensionliabilitynetadjustmentnetoftax": -6000,
        "othercomprehensiveincomelossnetoftaxportionattributabletoparent": 323000,
        "comprehensiveincomenetoftax": 45618000
    }
]