[
    {
        "date": "2024-09-29",
        "symbol": "WFC",
        "period": "Q3",
        "interestincomedebtsecuritiesoperating": 4630000000,
        "interestandfeeincomeloansandleasesheldforsale": 129000000,
        "interestandfeeincomeloansandleasesheldinportfolio": 14618000000,
        "dividendincomeequitysecuritiesoperating": 156000000,
        "interestincomeother": 3465000000,
        "interestanddividendincomeoperating": 22998000000,
        "interestexpensedeposits": 6445000000,
        "interestexpenseshorttermborrowings": 1435000000,
        "interestexpenselongtermdebt": 3163000000,
        "interestexpenseother": 265000000,
        "interestexpenseoperating": 11308000000,
        "interestincomeexpensenet": 11690000000,
        "feesandcommissionsondepositaccountsandlendingactivities": 1675000000,
        "revenuefromcontractwithcustomerexcludingassessedtax": 238000000,
        "totalcreditanddebitcardfees": 1096000000,
        "feesandcommissionsmortgagebankingandservicing": 280000000,
        "debtandequitysecuritiesrealizedgainloss": 1248000000,
        "noninterestincomeotheroperatingincome": 596000000,
        "noninterestincome": 8676000000,
        "revenuesnetofinterestexpense": 20366000000,
        "provisionforloanleaseandotherlosses": 1065000000,
        "compensationexpenseexcludingcostofgoodandservicesold": 8591000000,
        "equipmentexpense": 1142000000,
        "occupancynet": 786000000,
        "operatinglosses": 293000000,
        "professionalandcontractservicesexpense": 1130000000,
        "marketingandadvertisingexpense": 205000000,
        "othernoninterestexpense": 212000000,
        "noninterestexpense": 13067000000,
        "incomelossfromcontinuingoperationsbeforeincometaxesextraordinaryitemsnoncontrollinginterest": 6234000000,
        "incometaxexpensebenefit": 1064000000,
        "incomelossfromcontinuingoperationsincludingportionattributabletononcontrollinginterest": 5170000000,
        "netincomelossattributabletononcontrollinginterest": 56000000,
        "netincomeloss": 5114000000,
        "preferredstockdividendsandotheradjustments": 262000000,
        "netincomelossavailabletocommonstockholdersbasic": 4852000000,
        "earningspersharebasic": 1.43,
        "earningspersharediluted": 1.42,
        "weightedaveragenumberofsharesoutstandingbasic": 3384800000,
        "weightedaveragenumberofdilutedsharesoutstanding": 3425100000,
        "othercomprehensiveincomelossavailableforsalesecuritiesadjustmentnetoftax": 3274000000,
        "othercomprehensiveincomelosscashflowhedgeandfairvaluehedgeincludingderivativeexcludedcomponentgainlossafterreclassificationaftertax": 994000000,
        "othercomprehensiveincomelosspensionandotherpostretirementbenefitplansadjustmentnetoftax": -21000000,
        "othercomprehensiveincomelossothernetoftax": 60000000,
        "othercomprehensiveincomelossnetoftax": 4349000000,
        "comprehensiveincomenetoftaxincludingportionattributabletononcontrollinginterest": 9519000000,
        "comprehensiveincomenetoftax": 9463000000
    },
    {
        "date": "2024-03-30",
        "symbol": "WFC",
        "period": "Q1",
        "interestincomedebtsecuritiesoperating": 4262000000,
        "interestandfeeincomeloansandleasesheldforsale": 114000000,
        "interestandfeeincomeloansandleasesheldinportfolio": 14713000000,
        "dividendincomeequitysecuritiesoperating": 150000000,
        "interestincomeother": 3601000000,
        "interestanddividendincomeoperating": 22840000000,
        "interestexpensedeposits": 5811000000,
        "interestexpenseshorttermborrowings": 1218000000,
        "interestexpenselongtermdebt": 3349000000,
        "interestexpenseother": 235000000,
        "interestexpense": 10613000000,
        "interestincomeexpensenet": 12227000000,
        "feesandcommissionsondepositaccountsandlendingactivities": 1597000000,
        "revenuefromcontractwithcustomerexcludingassessedtax": 2331000000,
        "totalcreditanddebitcardfees": 1061000000,
        "feesandcommissionsmortgagebankingandservicing": 230000000,
        "debtandequitysecuritiesrealizedgainloss": 1447000000,
        "noninterestincomeotheroperatingincome": 717000000,
        "noninterestincome": 8636000000,
        "revenuesnetofinterestexpense": 20863000000,
        "provisionforloanleaseandotherlosses": 938000000,
        "compensationexpenseexcludingcostofgoodandservicesold": 9492000000,
        "equipmentexpense": 1053000000,
        "occupancynet": 714000000,
        "operatinglosses": 633000000,
        "professionalandcontractservicesexpense": 1101000000,
        "marketingandadvertisingexpense": 197000000,
        "othernoninterestexpense": 1148000000,
        "noninterestexpense": 14338000000,
        "incomelossfromcontinuingoperationsbeforeincometaxesextraordinaryitemsnoncontrollinginterest": 5587000000,
        "incometaxexpensebenefit": 964000000,
        "incomelossfromcontinuingoperationsincludingportionattributabletononcontrollinginterest": 4623000000,
        "netincomelossattributabletononcontrollinginterest": 4000000,
        "netincomeloss": 4619000000,
        "preferredstockdividendsandotheradjustments": 306000000,
        "netincomelossavailabletocommonstockholdersbasic": 4313000000,
        "earningspersharebasic": 1.21,
        "earningspersharediluted": 1.2,
        "weightedaveragenumberofsharesoutstandingbasic": 3560100000,
        "weightedaveragenumberofdilutedsharesoutstanding": 3600100000,
        "othercomprehensiveincomelossavailableforsalesecuritiesadjustmentnetoftax": -422000000,
        "othercomprehensiveincomelosscashflowhedgeandfairvaluehedgeincludingderivativeexcludedcomponentgainlossafterreclassificationaftertax": -497000000,
        "othercomprehensiveincomelosspensionandotherpostretirementbenefitplansadjustmentnetoftax": -21000000,
        "othercomprehensiveincomelossothernetoftax": -68000000,
        "othercomprehensiveincomelossnetoftax": -966000000,
        "comprehensiveincomenetoftaxincludingportionattributabletononcontrollinginterest": 3657000000,
        "comprehensiveincomenetoftax": 3653000000
    },
    {
        "date": "2023-12-30",
        "symbol": "WFC",
        "period": "Q4",
        "interestincomedebtsecuritiesoperating": 4110000000,
        "interestandfeeincomeloansandleasesheldforsale": 85000000,
        "interestandfeeincomeloansandleasesheldinportfolio": 14967000000,
        "dividendincomeequitysecuritiesoperating": 242000000,
        "interestincomeother": 3511000000,
        "interestanddividendincomeoperating": 41285000000,
        "interestexpensedeposits": 5329000000,
        "interestexpenselongtermdebt": 3329000000,
        "interestexpenseother": 226000000,
        "interestexpense": 10068000000,
        "interestincomeexpensenet": 26214000000,
        "feesandcommissionsondepositaccountsandlendingactivities": 1568000000,
        "revenuefromcontractwithcustomerexcludingassessedtax": 4056000000,
        "totalcreditanddebitcardfees": 2059000000,
        "feesandcommissionsmortgagebankingandservicing": 437000000,
        "debtandequitysecuritiesrealizedgainloss": 1105000000,
        "noninterestincomeotheroperatingincome": 562000000,
        "noninterestincome": 15539000000,
        "revenuesnetofinterestexpense": 41753000000,
        "provisionforloanleaseandotherlosses": 2369000000,
        "compensationexpenseexcludingcostofgoodandservicesold": 9181000000,
        "equipmentexpense": 1076000000,
        "occupancynet": 740000000,
        "operatinglosses": 355000000,
        "professionalandcontractservicesexpense": 1242000000,
        "marketingandadvertisingexpense": 259000000,
        "othernoninterestexpense": 3638000000,
        "noninterestexpense": 28854000000,
        "incomelossfromcontinuingoperationsbeforeincometaxesextraordinaryitemsnoncontrollinginterest": 9802000000,
        "incometaxexpensebenefit": 1412000000,
        "incomelossfromcontinuingoperationsincludingportionattributabletononcontrollinginterest": 8825000000,
        "netincomelossattributabletononcontrollinginterest": 67000000,
        "netincomeloss": 8758000000,
        "preferredstockdividendsandotheradjustments": 286000000,
        "netincomelossavailabletocommonstockholdersbasic": 3160000000,
        "earningspersharebasic": 0.8899999999999999,
        "earningspersharediluted": 0.8700000000000001,
        "weightedaveragenumberofsharesoutstandingbasic": 3688300000,
        "weightedaveragenumberofdilutedsharesoutstanding": 3720400000,
        "othercomprehensiveincomelossavailableforsalesecuritiesadjustmentnetoftax": 3206000000,
        "othercomprehensiveincomelosscashflowhedgeandfairvaluehedgeincludingderivativeexcludedcomponentgainlossafterreclassificationaftertax": 1050000000,
        "othercomprehensiveincomelosspensionandotherpostretirementbenefitplansadjustmentnetoftax": -5000000,
        "othercomprehensiveincomelossothernetoftax": 36000000,
        "othercomprehensiveincomelossnetoftax": 5087000000,
        "comprehensiveincomenetoftaxincludingportionattributabletononcontrollinginterest": 7807000000,
        "othercomprehensiveincomelossnetoftaxportionattributabletononcontrollinginterest": 0,
        "comprehensiveincomenetoftax": 7743000000
    },
    {
        "date": "2023-09-29",
        "symbol": "WFC",
        "period": "Q3",
        "interestincomedebtsecuritiesoperating": 4178000000,
        "interestandfeeincomeloansandleasesheldforsale": 87000000,
        "interestandfeeincomeloansandleasesheldinportfolio": 14755000000,
        "dividendincomeequitysecuritiesoperating": 152000000,
        "interestincomeother": 2921000000,
        "interestanddividendincomeoperating": 22093000000,
        "interestexpensedeposits": 4608000000,
        "interestexpenseshorttermborrowings": 1133000000,
        "interestexpenselongtermdebt": 3039000000,
        "interestexpenseother": 208000000,
        "interestexpense": 8988000000,
        "interestincomeexpensenet": 13105000000,
        "feesandcommissionsondepositaccountsandlendingactivities": 1551000000,
        "revenuefromcontractwithcustomerexcludingassessedtax": 2224000000,
        "totalcreditanddebitcardfees": 1098000000,
        "feesandcommissionsmortgagebankingandservicing": 193000000,
        "debtandequitysecuritiesrealizedgainloss": 1246000000,
        "noninterestincomeotheroperatingincome": 381000000,
        "noninterestincome": 7752000000,
        "revenuesnetofinterestexpense": 20857000000,
        "provisionforloanleaseandotherlosses": 1197000000,
        "compensationexpenseexcludingcostofgoodandservicesold": 8627000000,
        "equipmentexpense": 975000000,
        "occupancynet": 724000000,
        "operatinglosses": 329000000,
        "professionalandcontractservicesexpense": 1310000000,
        "marketingandadvertisingexpense": 215000000,
        "othernoninterestexpense": 933000000,
        "noninterestexpense": 13113000000,
        "incomelossfromcontinuingoperationsbeforeincometaxesextraordinaryitemsnoncontrollinginterest": 6547000000,
        "incometaxexpensebenefit": 811000000,
        "incomelossfromcontinuingoperationsincludingportionattributabletononcontrollinginterest": 5736000000,
        "netincomelossattributabletononcontrollinginterest": -31000000,
        "netincomeloss": 5767000000,
        "preferredstockdividendsandotheradjustments": 317000000,
        "netincomelossavailabletocommonstockholdersbasic": 5450000000,
        "earningspersharebasic": 1.49,
        "earningspersharediluted": 1.48,
        "weightedaveragenumberofsharesoutstandingbasic": 3648800000,
        "weightedaveragenumberofdilutedsharesoutstanding": 3680600000,
        "othercomprehensiveincomelossavailableforsalesecuritiesadjustmentnetoftax": -1989000000,
        "othercomprehensiveincomelosscashflowhedgeandfairvaluehedgeincludingderivativeexcludedcomponentgainlossafterreclassificationaftertax": -407000000,
        "othercomprehensiveincomelosspensionandotherpostretirementbenefitplansadjustmentnetoftax": -21000000,
        "othercomprehensiveincomelossothernetoftax": -59000000,
        "othercomprehensiveincomelossnetoftax": -2434000000,
        "comprehensiveincomenetoftaxincludingportionattributabletononcontrollinginterest": 3302000000,
        "othercomprehensiveincomelossnetoftaxportionattributabletononcontrollinginterest": 2000000,
        "comprehensiveincomenetoftax": 3331000000
    },
    {
        "date": "2023-06-29",
        "symbol": "WFC",
        "period": "Q2",
        "interestincomedebtsecuritiesoperating": 4037000000,
        "interestandfeeincomeloansandleasesheldforsale": 94000000,
        "interestandfeeincomeloansandleasesheldinportfolio": 14115000000,
        "dividendincomeequitysecuritiesoperating": 194000000,
        "interestincomeother": 2390000000,
        "interestanddividendincomeoperating": 20830000000,
        "interestexpensedeposits": 3805000000,
        "interestexpenseshorttermborrowings": 961000000,
        "interestexpenselongtermdebt": 2693000000,
        "interestexpenseother": 208000000,
        "interestexpense": 7667000000,
        "interestincomeexpensenet": 13163000000,
        "feesandcommissionsondepositaccountsandlendingactivities": 1517000000,
        "revenuefromcontractwithcustomerexcludingassessedtax": 2163000000,
        "totalcreditanddebitcardfees": 1098000000,
        "feesandcommissionsmortgagebankingandservicing": 202000000,
        "debtandequitysecuritiesrealizedgainloss": 1032000000,
        "noninterestincomeotheroperatingincome": 412000000,
        "noninterestincome": 7370000000,
        "revenuesnetofinterestexpense": 20533000000,
        "provisionforloanleaseandotherlosses": 1713000000,
        "compensationexpenseexcludingcostofgoodandservicesold": 8606000000,
        "equipmentexpense": 947000000,
        "occupancynet": 707000000,
        "operatinglosses": 232000000,
        "professionalandcontractservicesexpense": 1304000000,
        "marketingandadvertisingexpense": 184000000,
        "othernoninterestexpense": 1007000000,
        "noninterestexpense": 12987000000,
        "incomelossfromcontinuingoperationsbeforeincometaxesextraordinaryitemsnoncontrollinginterest": 5833000000,
        "incometaxexpensebenefit": 930000000,
        "incomelossfromcontinuingoperationsincludingportionattributabletononcontrollinginterest": 4903000000,
        "netincomelossattributabletononcontrollinginterest": -35000000,
        "netincomeloss": 4938000000,
        "preferredstockdividendsandotheradjustments": 279000000,
        "netincomelossavailabletocommonstockholdersbasic": 4659000000,
        "earningspersharebasic": 1.26,
        "earningspersharediluted": 1.25,
        "weightedaveragenumberofsharesoutstandingbasic": 3699900000,
        "weightedaveragenumberofdilutedsharesoutstanding": 3724900000,
        "othercomprehensiveincomelossavailableforsalesecuritiesadjustmentnetoftax": -308000000,
        "othercomprehensiveincomelosscashflowhedgeandfairvaluehedgeincludingderivativeexcludedcomponentgainlossafterreclassificationaftertax": -610000000,
        "othercomprehensiveincomelosspensionandotherpostretirementbenefitplansadjustmentnetoftax": -21000000,
        "othercomprehensiveincomelossothernetoftax": 29000000,
        "othercomprehensiveincomelossnetoftax": -868000000,
        "comprehensiveincomenetoftaxincludingportionattributabletononcontrollinginterest": 4035000000,
        "othercomprehensiveincomelossnetoftaxportionattributabletononcontrollinginterest": 1000000,
        "comprehensiveincomenetoftax": 4069000000
    },
    {
        "date": "2023-03-30",
        "symbol": "WFC",
        "period": "Q1",
        "interestincomedebtsecuritiesoperating": 3783000000,
        "interestandfeeincomeloansandleasesheldforsale": 97000000,
        "interestandfeeincomeloansandleasesheldinportfolio": 13318000000,
        "dividendincomeequitysecuritiesoperating": 94000000,
        "interestincomeother": 1988000000,
        "interestanddividendincomeoperating": 910000000,
        "interestexpensedeposits": 2761000000,
        "interestexpenseorreversalofinterestexpenseshorttermborrowings": 570000000,
        "interestexpenselongtermdebt": 2511000000,
        "interestexpenseother": 178000000,
        "interestexpense": 6020000000,
        "interestincomeexpensenet": -107000000,
        "feesandcommissionsondepositaccountsandlendingactivities": 1504000000,
        "revenuefromcontractwithcustomerexcludingassessedtax": 227000000,
        "totalcreditanddebitcardfees": 1000000,
        "feesandcommissionsmortgagebankingandservicing": -3000000,
        "debtandequitysecuritiesrealizedgainloss": 985000000,
        "noninterestincomeotheroperatingincome": 580000000,
        "noninterestincome": -439000000,
        "revenuesnetofinterestexpense": -546000000,
        "provisionforloanleaseandotherlosses": 120000000,
        "compensationexpenseexcludingcostofgoodandservicesold": 9415000000,
        "equipmentexpense": 922000000,
        "occupancynet": 713000000,
        "operatinglosses": 267000000,
        "professionalandcontractservicesexpense": 1229000000,
        "marketingandadvertisingexpense": 154000000,
        "othernoninterestexpense": 271000000,
        "noninterestexpense": 608000000,
        "incomelossfromcontinuingoperationsbeforeincometaxesextraordinaryitemsnoncontrollinginterest": -546000000,
        "incometaxexpensebenefit": -546000000,
        "incomelossfromcontinuingoperationsincludingportionattributabletononcontrollinginterest": -435000000,
        "netincomelossattributabletononcontrollinginterest": -114000000,
        "netincomeloss": -321000000,
        "preferredstockdividendsandotheradjustments": 278000000,
        "netincomelossavailabletocommonstockholdersbasic": 4713000000,
        "earningspersharebasic": 1.24,
        "earningspersharediluted": 1.23,
        "weightedaveragenumberofsharesoutstandingbasic": 3785600000,
        "weightedaveragenumberofdilutedsharesoutstanding": 3818700000,
        "othercomprehensiveincomelossavailableforsalesecuritiesadjustmentnetoftax": 362000000,
        "othercomprehensiveincomelosscashflowhedgeandfairvaluehedgeincludingderivativeexcludedcomponentgainlossafterreclassificationaftertax": 378000000,
        "othercomprehensiveincomelosspensionandotherpostretirementbenefitplansadjustmentnetoftax": -21000000,
        "othercomprehensiveincomelossothernetoftax": 28000000,
        "othercomprehensiveincomelossnetoftax": -1000000,
        "comprehensiveincomenetoftaxincludingportionattributabletononcontrollinginterest": 5669000000,
        "othercomprehensiveincomelossnetoftaxportionattributabletononcontrollinginterest": -1000000,
        "comprehensiveincomenetoftax": 5781000000
    },
    {
        "date": "2021-09-29",
        "symbol": "WFC",
        "period": "Q3",
        "interestincomedebtsecuritiesoperating": 2354000000,
        "interestandfeeincomeloansandleasesheldforsale": 172000000,
        "interestandfeeincomeloansandleasesheldinportfolio": 7057000000,
        "dividendincomeequitysecuritiesoperating": 146000000,
        "otherinterestanddividendincome": 105000000,
        "interestanddividendincomeoperating": 9834000000,
        "interestexpensedeposits": 99000000,
        "interestexpenseshorttermborrowings": -7000000,
        "interestexpenselongtermdebt": 745000000,
        "interestexpenseother": 88000000,
        "interestexpense": 925000000,
        "interestincomeexpensenet": 8909000000,
        "feesandcommissionsondepositaccountsandlendingactivities": 1781000000,
        "revenuefromcontractwithcustomerexcludingassessedtax": 2882000000,
        "totalcreditanddebitcardfees": 1078000000,
        "feesandcommissionsmortgagebankingandservicing": 1259000000,
        "debtandequitysecuritiesrealizedgainloss": 1244000000,
        "noninterestincomeotheroperatingincome": 609000000,
        "noninterestincome": 9925000000,
        "revenuesnetofinterestexpense": 18834000000,
        "provisionforloanleaseandotherlosses": -1395000000,
        "compensationexpenseexcludingcostofgoodandservicesold": 8690000000,
        "equipmentexpense": 741000000,
        "occupancynet": 738000000,
        "operatinglosses": 540000000,
        "professionalandcontractservicesexpense": 1417000000,
        "marketingandadvertisingexpense": 153000000,
        "restructuringcharges": 1000000,
        "othernoninterestexpense": 1023000000,
        "noninterestexpense": 13303000000,
        "incomelossfromcontinuingoperationsbeforeincometaxesextraordinaryitemsnoncontrollinginterest": 6926000000,
        "incometaxexpensebenefit": 1521000000,
        "incomelossfromcontinuingoperationsincludingportionattributabletononcontrollinginterest": 5405000000,
        "netincomelossattributabletononcontrollinginterest": 283000000,
        "netincomeloss": 5122000000,
        "preferredstockdividendsandotheradjustments": 335000000,
        "netincomelossavailabletocommonstockholdersbasic": 4787000000,
        "earningspersharebasic": 1.18,
        "earningspersharediluted": 1.17,
        "weightedaveragenumberofsharesoutstandingbasic": 4056300000,
        "weightedaveragenumberofdilutedsharesoutstanding": 4090400000,
        "othercomprehensiveincomelossavailableforsalesecuritiesadjustmentnetoftax": -468000000,
        "othercomprehensiveincomelosscashflowhedgeandfairvaluehedgeincludingderivativeexcludedcomponentgainlossafterreclassificationaftertax": 38000000,
        "othercomprehensiveincomelosspensionandotherpostretirementbenefitplansadjustmentnetoftax": 121000000,
        "othercomprehensiveincomelossforeigncurrencytransactionandtranslationadjustmentnetoftax": -64000000,
        "othercomprehensiveincomelossnetoftax": -615000000,
        "comprehensiveincomenetoftaxincludingportionattributabletononcontrollinginterest": 4790000000,
        "othercomprehensiveincomelossnetoftaxportionattributabletononcontrollinginterest": -2000000,
        "comprehensiveincomenetoftax": 4509000000
    },
    {
        "date": "2021-06-29",
        "symbol": "WFC",
        "period": "Q2",
        "interestincomedebtsecuritiesoperating": 2199000000,
        "interestandfeeincomeloansandleasesheldforsale": 193000000,
        "interestandfeeincomeloansandleasesheldinportfolio": 7095000000,
        "dividendincomeequitysecuritiesoperating": 132000000,
        "otherinterestanddividendincome": 74000000,
        "interestanddividendincomeoperating": 9693000000,
        "interestexpensedeposits": 92000000,
        "interestexpenseshorttermborrowings": -12000000,
        "interestexpenselongtermdebt": 712000000,
        "interestexpenseother": 101000000,
        "interestexpense": 893000000,
        "interestincomeexpensenet": 8800000000,
        "feesandcommissionsondepositaccountsandlendingactivities": 1704000000,
        "revenuefromcontractwithcustomerincludingassessedtax": 2794000000,
        "totalcreditanddebitcardfees": 1077000000,
        "feesandcommissionsmortgagebankingandservicing": 1336000000,
        "debtandequitysecuritiesrealizedgainloss": 2717000000,
        "noninterestincomeotheroperatingincome": 692000000,
        "noninterestincome": 11470000000,
        "revenuesnetofinterestexpense": 20270000000,
        "provisionforloanleaseandotherlosses": -1260000000,
        "compensationexpenseexcludingcostofgoodandservicesold": 8818000000,
        "equipmentexpense": 815000000,
        "occupancynet": 735000000,
        "operatinglosses": 303000000,
        "professionalandcontractservicesexpense": 1450000000,
        "marketingandadvertisingexpense": 132000000,
        "restructuringcharges": -4000000,
        "othernoninterestexpense": 1092000000,
        "noninterestexpense": 13341000000,
        "incomelossfromcontinuingoperationsbeforeincometaxesextraordinaryitemsnoncontrollinginterest": 8189000000,
        "incometaxexpensebenefit": 1445000000,
        "incomelossfromcontinuingoperationsincludingportionattributabletononcontrollinginterest": 6744000000,
        "netincomelossattributabletononcontrollinginterest": 704000000,
        "netincomeloss": 6040000000,
        "preferredstockdividendsandotheradjustments": 297000000,
        "netincomelossavailabletocommonstockholdersbasic": 5743000000,
        "earningspersharebasic": 1.39,
        "earningspersharediluted": 1.38,
        "weightedaveragenumberofsharesoutstandingbasic": 4124600000,
        "weightedaveragenumberofdilutedsharesoutstanding": 4156100000,
        "othercomprehensiveincomelossavailableforsalesecuritiesadjustmentnetoftax": 304000000,
        "othercomprehensiveincomelosscashflowhedgeandfairvaluehedgeincludingderivativeexcludedcomponentgainlossafterreclassificationaftertax": 27000000,
        "othercomprehensiveincomelosspensionandotherpostretirementbenefitplansadjustmentnetoftax": -334000000,
        "othercomprehensiveincomelossforeigncurrencytransactionandtranslationadjustmentnetoftax": 22000000,
        "othercomprehensiveincomelossnetoftax": 687000000,
        "comprehensiveincomenetoftaxincludingportionattributabletononcontrollinginterest": 7431000000
    },
    {
        "date": "2021-03-30",
        "symbol": "WFC",
        "period": "Q1",
        "interestincomedebtsecuritiesoperating": 2312000000,
        "interestandfeeincomeloansandleasesheldforsale": 331000000,
        "interestandfeeincomeloansandleasesheldinportfolio": 7191000000,
        "dividendincomeequitysecuritiesoperating": 137000000,
        "otherinterestanddividendincome": 65000000,
        "interestanddividendincomeoperating": 10036000000,
        "interestexpensedeposits": 112000000,
        "interestexpenseshorttermborrowings": -9000000,
        "interestexpenselongtermdebt": 1026000000,
        "interestexpenseother": 109000000,
        "interestexpense": 1238000000,
        "interestincomeexpensenet": 8798000000,
        "feesandcommissionsondepositaccountsandlendingactivities": 1616000000,
        "revenuefromcontractwithcustomerincludingassessedtax": 2756000000,
        "totalcreditanddebitcardfees": 949000000,
        "feesandcommissionsmortgagebankingandservicing": 1326000000,
        "debtandequitysecuritiesrealizedgainloss": 891000000,
        "noninterestincomeotheroperatingincome": 523000000,
        "noninterestincome": 9265000000,
        "revenuesnetofinterestexpense": 18063000000,
        "provisionforloanleaseandotherlosses": -1048000000,
        "compensationexpenseexcludingcostofgoodandservicesold": 9558000000,
        "equipmentexpense": 844000000,
        "occupancynet": 770000000,
        "operatinglosses": 213000000,
        "professionalandcontractservicesexpense": 1388000000,
        "marketingandadvertisingexpense": 90000000,
        "restructuringcharges": 13000000,
        "othernoninterestexpense": 1113000000,
        "noninterestexpense": 13989000000,
        "incomelossfromcontinuingoperationsbeforeincometaxesextraordinaryitemsnoncontrollinginterest": 5122000000,
        "incometaxexpensebenefit": 326000000,
        "incomelossfromcontinuingoperationsincludingportionattributabletononcontrollinginterest": 4796000000,
        "netincomelossattributabletononcontrollinginterest": 54000000,
        "netincomeloss": 4742000000,
        "preferredstockdividendsandotheradjustments": 379000000,
        "netincomelossavailabletocommonstockholdersbasic": 4363000000,
        "earningspersharebasic": 1.05,
        "earningspersharediluted": 1.05,
        "weightedaveragenumberofsharesoutstandingbasic": 4141300000,
        "weightedaveragenumberofdilutedsharesoutstanding": 4171000000,
        "othercomprehensiveincomelossavailableforsalesecuritiesadjustmentnetoftax": -1525000000,
        "othercomprehensiveincomelosscashflowhedgeandfairvaluehedgeincludingderivativeexcludedcomponentgainlossafterreclassificationaftertax": 36000000,
        "othercomprehensiveincomelosspensionandotherpostretirementbenefitplansadjustmentnetoftax": -35000000,
        "othercomprehensiveincomelossforeigncurrencytransactionandtranslationadjustmentnetoftax": 11000000,
        "othercomprehensiveincomelossnetoftax": -1443000000,
        "comprehensiveincomenetoftaxincludingportionattributabletononcontrollinginterest": 3353000000
    },
    {
        "date": "2020-12-30",
        "symbol": "WFC",
        "period": "Q4",
        "interestincomedebtsecuritiesoperating": 2370000000,
        "interestandfeeincomeloansandleasesheldinportfolio": 7642000000,
        "dividendincomeequitysecuritiesoperating": 131000000,
        "otherinterestanddividendincome": 65000000,
        "interestanddividendincomeoperating": 10470000000,
        "interestexpensedeposits": 163000000,
        "interestexpenseshorttermborrowings": -12000000,
        "interestexpenselongtermdebt": 956000000,
        "interestexpenseother": 88000000,
        "interestexpense": 1195000000,
        "interestincomeexpensenet": 9275000000,
        "revenuefromcontractwithcustomerincludingassessedtax": 5937000000,
        "feesandcommissionsmortgagebankingandservicing": 1207000000,
        "noninterestincomeotheroperatingincome": 1355000000,
        "noninterestincome": 8650000000,
        "equipmentexpense": 1085000000,
        "occupancynet": 826000000,
        "othernoninterestexpense": -3939000000,
        "noninterestexpense": 14802000000,
        "incomelossfromcontinuingoperationsbeforeincometaxesextraordinaryitemsnoncontrollinginterest": 3302000000,
        "incometaxexpensebenefit": 108000000,
        "incomelossfromcontinuingoperationsincludingportionattributabletononcontrollinginterest": 3194000000,
        "netincomelossattributabletononcontrollinginterest": 202000000,
        "netincomeloss": 2992000000,
        "preferredstockdividendsandotheradjustments": 350000000,
        "netincomelossavailabletocommonstockholdersbasic": 2642000000,
        "earningspersharebasic": 0.65,
        "earningspersharediluted": 0.64,
        "weightedaveragenumberofsharesoutstandingbasic": -8216100000,
        "weightedaveragenumberofdilutedsharesoutstanding": -8238800000,
        "othercomprehensiveincomelossnetoftax": 945000000,
        "comprehensiveincomenetoftaxincludingportionattributabletononcontrollinginterest": 4222000000
    },
    {
        "date": "2020-09-29",
        "symbol": "WFC",
        "period": "Q3",
        "interestincomedebtsecuritiesoperating": 2446000000,
        "interestandfeeincomeloansheldforsalemortgages": 232000000,
        "interestandfeeincomenonmortgageloansandleasesheldforsale": 7000000,
        "interestandfeeincomeloansandleasesheldinportfolio": 7954000000,
        "dividendincomeequitysecuritiesoperating": 101000000,
        "otherinterestanddividendincome": 60000000,
        "interestanddividendincomeoperating": 10800000000,
        "interestexpensedeposits": 314000000,
        "interestexpenseshorttermborrowings": -12000000,
        "interestexpenselongtermdebt": 1038000000,
        "interestexpenseother": 92000000,
        "interestexpense": 1432000000,
        "interestincomeexpensenet": 9368000000,
        "debtsecuritiescreditlossexpensereversal": 18000000,
        "provisionforloanandleaselosses": 751000000,
        "interestincomeexpenseafterprovisionforloanloss": 8599000000,
        "revenuefromcontractwithcustomerincludingassessedtax": 1299000000,
        "totalcreditanddebitcardfees": 912000000,
        "feesandcommissionslendingactivities1": 352000000,
        "feesandcommissionsmortgagebankingandservicing": 1590000000,
        "tradinggainslosses": 361000000,
        "debtsecuritiesgainloss1": 264000000,
        "gainslossesfromequityinvestments": 649000000,
        "leaseincomelessor": 333000000,
        "noninterestincomeotheroperatingincome": 220000000,
        "noninterestincome": 9494000000,
        "compensationexpenseexcludingcostofgoodandservicesold": 8624000000,
        "equipmentexpense": 791000000,
        "occupancynet": 851000000,
        "operatinglosses": 1219000000,
        "professionalandcontractservicesexpense": 1760000000,
        "directcostsofleasedandrentedpropertyorequipment": 291000000,
        "marketingandadvertisingexpense": 144000000,
        "restructuringcharges": 718000000,
        "othernoninterestexpense": 831000000,
        "noninterestexpense": 15229000000,
        "incomelossfromcontinuingoperationsbeforeincometaxesextraordinaryitemsnoncontrollinginterest": 2864000000,
        "incometaxexpensebenefit": 645000000,
        "incomelossfromcontinuingoperationsincludingportionattributabletononcontrollinginterest": 2219000000,
        "netincomelossattributabletononcontrollinginterest": 184000000,
        "netincomeloss": 2035000000,
        "preferredstockdividendsandotheradjustments": 315000000,
        "netincomelossavailabletocommonstockholdersbasic": 1720000000,
        "earningspersharebasic": 0.42,
        "earningspersharediluted": 0.42,
        "weightedaveragenumberofsharesoutstandingbasic": 4123800000,
        "weightedaveragenumberofdilutedsharesoutstanding": 4132200000,
        "othercomprehensiveincomeunrealizedholdinggainlossonsecuritiesarisingduringperiodbeforetax": 96000000,
        "othercomprehensiveincomelossreclassificationadjustmentforsaleorwritedownofsecuritiesincludedinnetincomebeforetax": -95000000,
        "othercomprehensiveincomelosscashflowhedgeandderivativeexcludedcomponentgainlossbeforereclassificationandtax": -70000000,
        "othercomprehensiveincomelosscashflowhedgegainlossreclassificationbeforetax": -52000000,
        "othercomprehensiveincomelosspensionandotherpostretirementbenefitplansnetunamortizedgainlossarisingduringperiodbeforetax": -89000000,
        "othercomprehensiveincomereclassificationofdefinedbenefitplansnetgainlossamortizationofnetpriorservicecostcreditandfinalizationofvaluationrecognizedinnetperiodicbenefitcostbeforetax": 68000000,
        "othercomprehensiveincomeforeigncurrencytransactionandtranslationgainlossbeforereclassificationandtax": 74000000,
        "othercomprehensiveincomelossbeforetax": 36000000,
        "othercomprehensiveincomelosstax": -13000000,
        "othercomprehensiveincomelossnetoftax": 49000000,
        "comprehensiveincomenetoftaxincludingportionattributabletononcontrollinginterest": 2083000000
    },
    {
        "date": "2020-06-29",
        "symbol": "WFC",
        "period": "Q2",
        "netincomeloss": -2379000000,
        "othercomprehensiveincomeunrealizedholdinggainlossonsecuritiesarisingduringperiodbeforetax": 1596000000,
        "othercomprehensiveincomelossreclassificationadjustmentforsaleorwritedownofsecuritiesincludedinnetincomebeforetax": -90000000,
        "othercomprehensiveincomelosscashflowhedgeandderivativeexcludedcomponentgainlossbeforereclassificationandtax": -52000000,
        "othercomprehensiveincomelosscashflowhedgegainlossreclassificationbeforetax": -55000000,
        "othercomprehensiveincomelosspensionandotherpostretirementbenefitplansnetunamortizedgainlossarisingduringperiodbeforetax": -674000000,
        "othercomprehensiveincomereclassificationofdefinedbenefitplansnetgainlossamortizationofnetpriorservicecostcreditandfinalizationofvaluationrecognizedinnetperiodicbenefitcostbeforetax": 101000000,
        "othercomprehensiveincomeforeigncurrencytransactionandtranslationgainlossbeforereclassificationandtax": 51000000,
        "othercomprehensiveincomelossbeforetax": 987000000,
        "othercomprehensiveincomelosstax": 221000000,
        "othercomprehensiveincomelossnetoftax": 766000000,
        "comprehensiveincomenetoftaxincludingportionattributabletononcontrollinginterest": -1613000000,
        "interestincomedebtsecuritiesoperating": 2946000000,
        "interestandfeeincomeloansheldforsalemortgages": 230000000,
        "interestandfeeincomenonmortgageloansandleasesheldforsale": 7000000,
        "interestandfeeincomeloansandleasesheldinportfolio": 8448000000,
        "dividendincomeequitysecuritiesoperating": 116000000,
        "otherinterestanddividendincome": 54000000,
        "interestanddividendincomeoperating": 11801000000,
        "interestexpensedeposits": 585000000,
        "interestexpenseshorttermborrowings": -17000000,
        "interestexpenselongtermdebt": 1237000000,
        "interestexpenseother": 116000000,
        "interestexpense": 1921000000,
        "interestincomeexpensenet": 9880000000,
        "debtsecuritiescreditlossexpensereversal": -31000000,
        "provisionforloanandleaselosses": 9565000000,
        "interestincomeexpenseafterprovisionforloanloss": 346000000,
        "revenuefromcontractwithcustomerincludingassessedtax": 930000000,
        "feesandcommissionsmortgagebankingandservicing": 317000000,
        "tradinggainslosses": 807000000,
        "debtsecuritiesgainloss1": 212000000,
        "gainslossesfromequityinvestments": 533000000,
        "leaseincomelessor": 334000000,
        "noninterestincomeotheroperatingincome": 97000000,
        "noninterestincome": 7956000000,
        "compensationexpenseexcludingcostofgoodandservicesold": 8911000000,
        "equipmentexpense": 562000000,
        "occupancynet": 871000000,
        "amortizationofintangibleassets": 22000000,
        "federaldepositinsurancecorporationpremiumexpense": 165000000,
        "othernoninterestexpense": 4020000000,
        "noninterestexpense": 14551000000,
        "incomelossfromcontinuingoperationsbeforeincometaxesextraordinaryitemsnoncontrollinginterest": -6249000000,
        "incometaxexpensebenefit": -3917000000,
        "incomelossfromcontinuingoperationsincludingportionattributabletononcontrollinginterest": -2332000000,
        "netincomelossattributabletononcontrollinginterest": 47000000,
        "preferredstockdividendsandotheradjustments": 315000000,
        "netincomelossavailabletocommonstockholdersbasic": -2694000000,
        "earningspersharebasic": -0.66,
        "earningspersharediluted": -0.66,
        "weightedaveragenumberofsharesoutstandingbasic": 4105500000,
        "weightedaveragenumberofdilutedsharesoutstanding": 4105500000
    },
    {
        "date": "2020-03-30",
        "symbol": "WFC",
        "period": "Q1",
        "netincomeloss": 653000000,
        "othercomprehensiveincomeunrealizedholdinggainlossonsecuritiesarisingduringperiodbeforetax": -110000000,
        "othercomprehensiveincomelossreclassificationadjustmentforsaleorwritedownofsecuritiesincludedinnetincomebeforetax": -172000000,
        "othercomprehensiveincomelosscashflowhedgeandderivativeexcludedcomponentgainlossbeforereclassificationandtax": 124000000,
        "othercomprehensiveincomelosscashflowhedgegainlossreclassificationbeforetax": -58000000,
        "othercomprehensiveincomelosspensionandotherpostretirementbenefitplansnetunamortizedgainlossarisingduringperiodbeforetax": 3000000,
        "othercomprehensiveincomereclassificationofdefinedbenefitplansnetgainlossamortizationofnetpriorservicecostcreditandfinalizationofvaluationrecognizedinnetperiodicbenefitcostbeforetax": 36000000,
        "othercomprehensiveincomeforeigncurrencytransactionandtranslationgainlossbeforereclassificationandtax": -194000000,
        "othercomprehensiveincomelossbeforetax": -255000000,
        "othercomprehensiveincomelosstax": -1000000,
        "othercomprehensiveincomelossnetoftax": -254000000,
        "comprehensiveincomenetoftaxincludingportionattributabletononcontrollinginterest": 400000000,
        "interestincomedebtsecuritiesoperating": 3472000000,
        "interestandfeeincomeloansheldforsalemortgages": 197000000,
        "interestandfeeincomenonmortgageloansandleasesheldforsale": 12000000,
        "interestandfeeincomeloansandleasesheldinportfolio": 10065000000,
        "dividendincomeequitysecuritiesoperating": 206000000,
        "otherinterestanddividendincome": 775000000,
        "interestanddividendincomeoperating": 14727000000,
        "interestexpensedeposits": 1742000000,
        "interestexpenseshorttermborrowings": 291000000,
        "interestexpenselongtermdebt": 1240000000,
        "interestexpenseother": 142000000,
        "interestexpense": 3415000000,
        "interestincomeexpensenet": 11312000000,
        "debtsecuritiescreditlossexpensereversal": 172000000,
        "provisionforloanandleaselosses": 3833000000,
        "interestincomeexpenseafterprovisionforloanloss": 7307000000,
        "revenuefromcontractwithcustomerincludingassessedtax": 1209000000,
        "feesandcommissionsmortgagebankingandservicing": 379000000,
        "insuranceservicesrevenue": 95000000,
        "tradinggainslosses": 64000000,
        "debtsecuritiesgainloss1": 237000000,
        "gainslossesfromequityinvestments": -1401000000,
        "leaseincomelessor": 352000000,
        "noninterestincomeotheroperatingincome": 372000000,
        "noninterestincome": 6405000000,
        "salarieswagesandofficerscompensation": 4721000000,
        "commissionandincentivecompensation": 2463000000,
        "otherlaborrelatedexpenses": 1130000000,
        "equipmentexpense": 661000000,
        "occupancynet": 715000000,
        "amortizationofintangibleassets": 23000000,
        "federaldepositinsurancecorporationpremiumexpense": 118000000,
        "othernoninterestexpense": 3217000000,
        "noninterestexpense": 13048000000,
        "incomelossfromcontinuingoperationsbeforeincometaxesextraordinaryitemsnoncontrollinginterest": 664000000,
        "incometaxexpensebenefit": 159000000,
        "incomelossfromcontinuingoperationsincludingportionattributabletononcontrollinginterest": 505000000,
        "netincomelossattributabletononcontrollinginterest": -148000000,
        "preferredstockdividendsandotheradjustments": 611000000,
        "netincomelossavailabletocommonstockholdersbasic": 42000000,
        "earningspersharebasic": 0.01,
        "earningspersharediluted": 0.01,
        "weightedaveragenumberofsharesoutstandingbasic": 4104800000,
        "weightedaveragenumberofdilutedsharesoutstanding": 4135300000
    }
]