[
    {
        "date": "2024-09-29",
        "symbol": "LYB",
        "period": "Q3",
        "revenuefromcontractwithcustomerexcludingassessedtax": 10650000000,
        "costofrevenue": -17804000000,
        "sellinggeneralandadministrativeexpense": 404000000,
        "researchanddevelopmentexpense": 31000000,
        "costsandexpenses": 9520000000,
        "operatingincomeloss": 802000000,
        "investmentincomeinterest": 36000000,
        "othernonoperatingincomeexpense": -7000000,
        "incomelossfromcontinuingoperationsbeforeincometaxesminorityinterestandincomelossfromequitymethodinvestments": 731000000,
        "incomelossfromequitymethodinvestments": -20000000,
        "incomelossfromcontinuingoperationsbeforeincometaxesextraordinaryitemsnoncontrollinginterest": 711000000,
        "incometaxexpensebenefit": -399000000,
        "incomelossfromcontinuingoperationsincludingportionattributabletononcontrollinginterest": 577000000,
        "incomelossfromdiscontinuedoperationsnetoftax": -4000000,
        "profitloss": -1403000000,
        "dividendsredeemablenoncontrollinginterestscash": 2000000,
        "netincomeavailabletocompanyshareholders": 571000000,
        "incomelossfromcontinuingoperationsperbasicshare": 1.7700000000000007,
        "earningspersharebasic": 1.76,
        "incomelossfromcontinuingoperationsperdilutedshare": 1.7599999999999998,
        "earningspersharediluted": 1.75,
        "othercomprehensiveincomelosscashflowhedgegainlossafterreclassificationandtax": 12000000,
        "othercomprehensiveincomelosspensionandotherpostretirementbenefitplansadjustmentnetoftax": -3000000,
        "othercomprehensiveincomelossforeigncurrencytransactionandtranslationadjustmentnetoftax": 134000000,
        "othercomprehensiveincomelossnetoftax": 149000000,
        "comprehensiveincomenetoftaxincludingportionattributabletononcontrollinginterest": 722000000,
        "comprehensiveincomenetoftax": 720000000
    },
    {
        "date": "2024-06-29",
        "symbol": "LYB",
        "period": "Q2",
        "revenuefromcontractwithcustomerexcludingassessedtax": 10398000000,
        "costofrevenue": 9148000000,
        "sellinggeneralandadministrativeexpense": 407000000,
        "researchanddevelopmentexpense": 33000000,
        "costsandexpenses": 9588000000,
        "operatingincomeloss": 970000000,
        "investmentincomeinterest": 37000000,
        "othernonoperatingincomeexpense": 13000000,
        "incomelossfromcontinuingoperationsbeforeincometaxesminorityinterestandincomelossfromequitymethodinvestments": 1193000000,
        "incomelossfromequitymethodinvestments": -19000000,
        "incomelossfromcontinuingoperationsbeforeincometaxesextraordinaryitemsnoncontrollinginterest": 1174000000,
        "incometaxexpensebenefit": 249000000,
        "incomelossfromcontinuingoperationsincludingportionattributabletononcontrollinginterest": 925000000,
        "incomelossfromdiscontinuedoperationsnetoftax": -1000000,
        "profitloss": 924000000,
        "dividendsredeemablenoncontrollinginterestscash": 1000000,
        "netincomeavailabletocompanyshareholders": 923000000,
        "incomelossfromcontinuingoperationsperbasicshare": 2.8199999999999994,
        "earningspersharebasic": 2.8099999999999996,
        "incomelossfromcontinuingoperationsperdilutedshare": 2.82,
        "earningspersharediluted": 2.81,
        "othercomprehensiveincomelosscashflowhedgegainlossafterreclassificationandtax": 49000000,
        "othercomprehensiveincomelosspensionandotherpostretirementbenefitplansadjustmentnetoftax": -4000000,
        "othercomprehensiveincomelossforeigncurrencytransactionandtranslationadjustmentnetoftax": -44000000,
        "othercomprehensiveincomelossnetoftax": 9000000,
        "comprehensiveincomenetoftaxincludingportionattributabletononcontrollinginterest": 933000000,
        "comprehensiveincomenetoftax": 932000000
    },
    {
        "date": "2024-03-30",
        "symbol": "LYB",
        "period": "Q1",
        "revenuefromcontractwithcustomerexcludingassessedtax": 9757000000,
        "costofrevenue": 8763000000,
        "sellinggeneralandadministrativeexpense": 426000000,
        "researchanddevelopmentexpense": 32000000,
        "costsandexpenses": 9221000000,
        "operatingincomeloss": 704000000,
        "interestexpense": 127000000,
        "investmentincomeinterest": 41000000,
        "othernonoperatingincomeexpense": 5000000,
        "incomelossfromcontinuingoperationsbeforeincometaxesminorityinterestandincomelossfromequitymethodinvestments": 623000000,
        "incomelossfromequitymethodinvestments": -27000000,
        "incomelossfromcontinuingoperationsbeforeincometaxesextraordinaryitemsnoncontrollinginterest": 596000000,
        "incometaxexpensebenefit": 122000000,
        "incomelossfromcontinuingoperationsincludingportionattributabletononcontrollinginterest": 474000000,
        "incomelossfromdiscontinuedoperationsnetoftax": -1000000,
        "profitloss": 473000000,
        "dividendsredeemablenoncontrollinginterestscash": 2000000,
        "netincomeavailabletocompanyshareholders": 471000000,
        "incomelossfromcontinuingoperationsperbasicshare": 1.45,
        "earningspersharebasic": 1.45,
        "incomelossfromcontinuingoperationsperdilutedshare": 1.44,
        "earningspersharediluted": 1.44,
        "othercomprehensiveincomelosscashflowhedgegainlossafterreclassificationandtax": 1000000,
        "othercomprehensiveincomelosspensionandotherpostretirementbenefitplansadjustmentnetoftax": -3000000,
        "othercomprehensiveincomelossforeigncurrencytransactionandtranslationadjustmentnetoftax": -60000000,
        "othercomprehensiveincomelossnetoftax": -56000000,
        "comprehensiveincomenetoftaxincludingportionattributabletononcontrollinginterest": 417000000,
        "comprehensiveincomenetoftax": 415000000
    },
    {
        "date": "2023-12-30",
        "symbol": "LYB",
        "period": "Q4",
        "revenuefromcontractwithcustomerexcludingassessedtax": 9791000000,
        "sellinggeneralandadministrativeexpense": 399000000,
        "researchanddevelopmentexpense": 34000000,
        "costsandexpenses": 9614000000,
        "operatingincomeloss": 315000000,
        "interestexpense": 121000000,
        "investmentincomeinterest": 41000000,
        "othernonoperatingincomeexpense": -25000000,
        "incomelossfromcontinuingoperationsbeforeincometaxesminorityinterestandincomelossfromequitymethodinvestments": 210000000,
        "incomelossfromcontinuingoperationsbeforeincometaxesextraordinaryitemsnoncontrollinginterest": 179000000,
        "incometaxexpensebenefit": -7000000,
        "incomelossfromcontinuingoperationsincludingportionattributabletononcontrollinginterest": 186000000,
        "incomelossfromdiscontinuedoperationsnetoftax": -1000000,
        "profitloss": 185000000,
        "dividendsredeemablenoncontrollinginterestscash": 2000000,
        "netincomeavailabletocompanyshareholders": 183000000,
        "incomelossfromcontinuingoperationsperbasicshare": 0.5700000000000005,
        "earningspersharebasic": 0.5600000000000007,
        "incomelossfromcontinuingoperationsperdilutedshare": 0.5700000000000003,
        "earningspersharediluted": 0.5599999999999998,
        "othercomprehensiveincomelosscashflowhedgegainlossafterreclassificationandtax": -104000000,
        "othercomprehensiveincomelosspensionandotherpostretirementbenefitplansadjustmentnetoftax": 103000000,
        "othercomprehensiveincomelossforeigncurrencytransactionandtranslationadjustmentnetoftax": 131000000,
        "othercomprehensiveincomelossnetoftax": -76000000,
        "comprehensiveincomenetoftaxincludingportionattributabletononcontrollinginterest": 109000000,
        "comprehensiveincomenetoftax": 107000000
    },
    {
        "date": "2023-09-29",
        "symbol": "LYB",
        "period": "Q3",
        "revenuefromcontractwithcustomerexcludingassessedtax": 10477000000,
        "revenues": 10625000000,
        "sellinggeneralandadministrativeexpense": 378000000,
        "researchanddevelopmentexpense": 31000000,
        "costsandexpenses": 9611000000,
        "operatingincomeloss": 1014000000,
        "interestexpense": 353000000,
        "investmentincomeinterest": 37000000,
        "othernonoperatingincomeexpense": -31000000,
        "incomelossfromcontinuingoperationsbeforeincometaxesminorityinterestandincomelossfromequitymethodinvestments": 895000000,
        "incomelossfromcontinuingoperationsbeforeincometaxesextraordinaryitemsnoncontrollinginterest": 2407000000,
        "incometaxexpensebenefit": 498000000,
        "incomelossfromcontinuingoperationsincludingportionattributabletononcontrollinginterest": 748000000,
        "incomelossfromdiscontinuedoperationsnetoftax": -1000000,
        "profitloss": 1939000000,
        "dividendsredeemablenoncontrollinginterestscash": 2000000,
        "netincomeavailabletocompanyshareholders": 745000000,
        "incomelossfromcontinuingoperationsperbasicshare": 2.289999999999999,
        "earningspersharebasic": 5.93,
        "incomelossfromcontinuingoperationsperdilutedshare": 2.2800000000000002,
        "earningspersharediluted": 5.91,
        "othercomprehensiveincomelosscashflowhedgegainlossafterreclassificationandtax": 17000000,
        "othercomprehensiveincomelosspensionandotherpostretirementbenefitplansadjustmentnetoftax": -2000000,
        "othercomprehensiveincomelossforeigncurrencytransactionandtranslationadjustmentnetoftax": -86000000,
        "othercomprehensiveincomelossnetoftax": -67000000,
        "comprehensiveincomenetoftaxincludingportionattributabletononcontrollinginterest": 680000000,
        "comprehensiveincomenetoftax": 678000000
    },
    {
        "date": "2023-06-29",
        "symbol": "LYB",
        "period": "Q2",
        "revenuefromcontractwithcustomerexcludingassessedtax": 10149000000,
        "revenuefromrelatedparties": 157000000,
        "revenues": 10306000000,
        "costofrevenue": 0,
        "assetimpairmentcharges": 0,
        "sellinggeneralandadministrativeexpense": 395000000,
        "researchanddevelopmentexpense": 32000000,
        "costsandexpenses": 9295000000,
        "operatingincomeloss": 1011000000,
        "interestexpense": 2000000,
        "investmentincomeinterest": 28000000,
        "othernonoperatingincomeexpense": -7000000,
        "incomelossfromcontinuingoperationsbeforeincometaxesminorityinterestandincomelossfromequitymethodinvestments": 917000000,
        "incomelossfromequitymethodinvestments": 0,
        "incomelossfromcontinuingoperationsbeforeincometaxesextraordinaryitemsnoncontrollinginterest": -2000000,
        "incometaxexpensebenefit": -1000000,
        "incomelossfromcontinuingoperationsincludingportionattributabletononcontrollinginterest": 717000000,
        "incomelossfromdiscontinuedoperationsnetoftax": -2000000,
        "profitloss": -2000000,
        "dividendsredeemablenoncontrollinginterestscash": 1000000,
        "netincomeavailabletocompanyshareholders": 714000000,
        "incomelossfromcontinuingoperationsperbasicshare": 2.1900000000000004,
        "earningspersharebasic": -1.46,
        "incomelossfromcontinuingoperationsperdilutedshare": 2.19,
        "earningspersharediluted": -1.45,
        "othercomprehensiveincomelosscashflowhedgegainlossafterreclassificationandtax": 3000000,
        "othercomprehensiveincomelosspensionandotherpostretirementbenefitplansadjustmentnetoftax": -2000000,
        "othercomprehensiveincomelossforeigncurrencytransactionandtranslationadjustmentnetoftax": -31000000,
        "othercomprehensiveincomelossnetoftax": -26000000,
        "comprehensiveincomenetoftaxincludingportionattributabletononcontrollinginterest": 689000000,
        "comprehensiveincomenetoftax": 688000000
    },
    {
        "date": "2023-03-30",
        "symbol": "LYB",
        "period": "Q1",
        "revenuefromcontractwithcustomerexcludingassessedtax": 10076000000,
        "revenuefromrelatedparties": 171000000,
        "revenues": 10247000000,
        "costofrevenue": 19000000,
        "assetimpairmentcharges": 252000000,
        "sellinggeneralandadministrativeexpense": 385000000,
        "researchanddevelopmentexpense": 33000000,
        "costsandexpenses": 9534000000,
        "operatingincomeloss": 713000000,
        "interestexpense": 1000000,
        "investmentincomeinterest": 23000000,
        "othernonoperatingincomeexpense": 5000000,
        "incomelossfromcontinuingoperationsbeforeincometaxesminorityinterestandincomelossfromequitymethodinvestments": 625000000,
        "incomelossfromequitymethodinvestments": -1000000,
        "incomelossfromcontinuingoperationsbeforeincometaxesextraordinaryitemsnoncontrollinginterest": 43000000,
        "incometaxexpensebenefit": 11000000,
        "incomelossfromcontinuingoperationsincludingportionattributabletononcontrollinginterest": 475000000,
        "incomelossfromdiscontinuedoperationsnetoftax": -1000000,
        "profitloss": -1000000,
        "dividendsredeemablenoncontrollinginterestscash": 2000000,
        "netincomeavailabletocompanyshareholders": 472000000,
        "incomelossfromcontinuingoperationsperbasicshare": 1.45,
        "earningspersharebasic": 1.45,
        "incomelossfromcontinuingoperationsperdilutedshare": 1.44,
        "earningspersharediluted": 1.44,
        "othercomprehensiveincomelosscashflowhedgegainlossafterreclassificationandtax": 4000000,
        "othercomprehensiveincomelosspensionandotherpostretirementbenefitplansadjustmentnetoftax": -2000000,
        "othercomprehensiveincomelossforeigncurrencytransactionandtranslationadjustmentnetoftax": 59000000,
        "othercomprehensiveincomelossnetoftax": 65000000,
        "comprehensiveincomenetoftaxincludingportionattributabletononcontrollinginterest": 539000000,
        "comprehensiveincomenetoftax": 537000000
    },
    {
        "date": "2022-09-29",
        "symbol": "LYB",
        "period": "Q3",
        "revenuefromcontractwithcustomerexcludingassessedtax": 12044000000,
        "revenuefromrelatedparties": 206000000,
        "revenues": 12250000000,
        "costofrevenue": -22000000,
        "sellinggeneralandadministrativeexpense": 319000000,
        "researchanddevelopmentexpense": 31000000,
        "costsandexpenses": 11438000000,
        "operatingincomeloss": 812000000,
        "interestexpense": 1000000,
        "investmentincomeinterest": 7000000,
        "othernonoperatingincomeexpense": 4000000,
        "incomelossfromcontinuingoperationsbeforeincometaxesminorityinterestandincomelossfromequitymethodinvestments": 753000000,
        "incomelossfromequitymethodinvestments": -6000000,
        "incomelossfromcontinuingoperationsbeforeincometaxesextraordinaryitemsnoncontrollinginterest": -76000000,
        "incometaxexpensebenefit": -20000000,
        "incomelossfromcontinuingoperationsincludingportionattributabletononcontrollinginterest": 573000000,
        "incomelossfromdiscontinuedoperationsnetoftax": -1000000,
        "profitloss": -1000000,
        "dividendsredeemablenoncontrollinginterestscash": 2000000,
        "netincomeavailabletocompanyshareholders": 570000000,
        "incomelossfromcontinuingoperationsperbasicshare": 1.7599999999999998,
        "earningspersharebasic": 0,
        "incomelossfromcontinuingoperationsperdilutedshare": 1.7599999999999998,
        "earningspersharediluted": 0,
        "othercomprehensiveincomelosscashflowhedgegainlossafterreclassificationandtax": 23000000,
        "othercomprehensiveincomelosspensionandotherpostretirementbenefitplansadjustmentnetoftax": -51000000,
        "othercomprehensiveincomelossforeigncurrencytransactionandtranslationadjustmentnetoftax": -169000000,
        "othercomprehensiveincomelossnetoftax": -95000000,
        "comprehensiveincomenetoftaxincludingportionattributabletononcontrollinginterest": 477000000,
        "comprehensiveincomenetoftax": 475000000
    },
    {
        "date": "2022-06-29",
        "symbol": "LYB",
        "period": "Q2",
        "revenuefromcontractwithcustomerexcludingassessedtax": 14559000000,
        "revenuefromrelatedparties": 279000000,
        "revenues": 14838000000,
        "costofrevenue": -21000000,
        "sellinggeneralandadministrativeexpense": 329000000,
        "researchanddevelopmentexpense": 32000000,
        "costsandexpenses": 12697000000,
        "operatingincomeloss": 2141000000,
        "interestexpense": 2000000,
        "investmentincomeinterest": 4000000,
        "othernonoperatingincomeexpense": -86000000,
        "incomelossfromcontinuingoperationsbeforeincometaxesminorityinterestandincomelossfromequitymethodinvestments": 2001000000,
        "incomelossfromequitymethodinvestments": -6000000,
        "incomelossfromcontinuingoperationsbeforeincometaxesextraordinaryitemsnoncontrollinginterest": 5000000,
        "incometaxexpensebenefit": -2000000,
        "incomelossfromcontinuingoperationsincludingportionattributabletononcontrollinginterest": 1645000000,
        "incomelossfromdiscontinuedoperationsnetoftax": -1000000,
        "profitloss": -1000000,
        "dividendsredeemablenoncontrollinginterestscash": 1000000,
        "netincomeavailabletocompanyshareholders": 1643000000,
        "incomelossfromcontinuingoperationsperbasicshare": 5,
        "earningspersharebasic": -4.02,
        "incomelossfromcontinuingoperationsperdilutedshare": 4.99,
        "earningspersharediluted": -4.01,
        "othercomprehensiveincomelosscashflowhedgegainlossafterreclassificationandtax": 102000000,
        "othercomprehensiveincomelosspensionandotherpostretirementbenefitplansadjustmentnetoftax": -78000000,
        "othercomprehensiveincomelossforeigncurrencytransactionandtranslationadjustmentnetoftax": -161000000,
        "othercomprehensiveincomelossnetoftax": 19000000,
        "comprehensiveincomenetoftaxincludingportionattributabletononcontrollinginterest": 1663000000,
        "comprehensiveincomenetoftax": 1662000000
    },
    {
        "date": "2022-03-30",
        "symbol": "LYB",
        "period": "Q1",
        "revenuefromcontractwithcustomerexcludingassessedtax": 12840000000,
        "revenuefromrelatedparties": 317000000,
        "revenues": 13157000000,
        "costofrevenue": -11000000,
        "sellinggeneralandadministrativeexpense": 328000000,
        "researchanddevelopmentexpense": 32000000,
        "costsandexpenses": 11496000000,
        "operatingincomeloss": 1661000000,
        "interestexpense": 1000000,
        "investmentincomeinterest": 2000000,
        "othernonoperatingincomeexpense": 19000000,
        "incomelossfromcontinuingoperationsbeforeincometaxesminorityinterestandincomelossfromequitymethodinvestments": 1608000000,
        "incomelossfromequitymethodinvestments": -5000000,
        "incomelossfromcontinuingoperationsbeforeincometaxesextraordinaryitemsnoncontrollinginterest": -27000000,
        "incometaxexpensebenefit": -5000000,
        "incomelossfromcontinuingoperationsincludingportionattributabletononcontrollinginterest": 1321000000,
        "incomelossfromdiscontinuedoperationsnetoftax": -1000000,
        "profitloss": -1000000,
        "dividendsredeemablenoncontrollinginterestscash": 2000000,
        "netincomeavailabletocompanyshareholders": 1318000000,
        "incomelossfromcontinuingoperationsperbasicshare": 4.01,
        "earningspersharebasic": 4.01,
        "incomelossfromcontinuingoperationsperdilutedshare": 4,
        "earningspersharediluted": 4,
        "othercomprehensiveincomelosscashflowhedgegainlossafterreclassificationandtax": 88000000,
        "othercomprehensiveincomelosspensionandotherpostretirementbenefitplansadjustmentnetoftax": -5000000,
        "othercomprehensiveincomelossforeigncurrencytransactionandtranslationadjustmentnetoftax": -25000000,
        "othercomprehensiveincomelossnetoftax": 68000000,
        "comprehensiveincomenetoftaxincludingportionattributabletononcontrollinginterest": 1388000000,
        "comprehensiveincomenetoftax": 1386000000
    },
    {
        "date": "2021-12-30",
        "symbol": "LYB",
        "period": "Q4",
        "revenuefromcontractwithcustomerexcludingassessedtax": 12549000000,
        "revenuefromrelatedparties": 281000000,
        "revenues": 50863000000,
        "costofrevenue": -16000000,
        "sellinggeneralandadministrativeexpense": 328000000,
        "researchanddevelopmentexpense": 33000000,
        "costsandexpenses": 11919000000,
        "operatingincomeloss": -4172000000,
        "interestexpense": 2000000,
        "investmentincomeinterest": 1000000,
        "othernonoperatingincomeexpense": -2000000,
        "incomelossfromcontinuingoperationsbeforeincometaxesminorityinterestandincomelossfromequitymethodinvestments": 794000000,
        "incomelossfromequitymethodinvestmentsincludingimpairments": -33000000,
        "incomelossfromcontinuingoperationsbeforeincometaxesextraordinaryitemsnoncontrollinginterest": -91000000,
        "incometaxexpensebenefit": 5000000,
        "incomelossfromcontinuingoperationsincludingportionattributabletononcontrollinginterest": 731000000,
        "incomelossfromdiscontinuedoperationsnetoftax": -5000000,
        "profitloss": -5000000,
        "dividendsredeemablenoncontrollinginterestscash": 2000000,
        "netincomeavailabletocompanyshareholders": 724000000,
        "incomelossfromcontinuingoperationsperbasicshare": 2.209999999999999,
        "earningspersharebasic": 2.1899999999999995,
        "incomelossfromcontinuingoperationsperdilutedshare": 2.1999999999999997,
        "earningspersharediluted": 2.1799999999999997,
        "othercomprehensiveincomelossderivativesqualifyingashedgesnetoftax": -60000000,
        "othercomprehensiveincomelosspensionandotherpostretirementbenefitplansadjustmentnetoftax": -168000000,
        "othercomprehensiveincomelossforeigncurrencytransactionandtranslationadjustmentnetoftax": -28000000,
        "othercomprehensiveincomelossnetoftax": -215000000,
        "comprehensiveincomenetoftaxincludingportionattributabletononcontrollinginterest": 806000000,
        "comprehensiveincomenetoftax": 804000000
    },
    {
        "date": "2021-09-29",
        "symbol": "LYB",
        "period": "Q3",
        "revenuefromcontractwithcustomerexcludingassessedtax": 12401000000,
        "revenuefromrelatedparties": 299000000,
        "revenues": -1872000000,
        "costofrevenue": -14000000,
        "sellinggeneralandadministrativeexpense": 313000000,
        "researchanddevelopmentexpense": 30000000,
        "costsandexpenses": 10452000000,
        "operatingincomeloss": 2248000000,
        "interestexpense": 1000000,
        "investmentincomeinterest": 1000000,
        "othernonoperatingincomeexpense": -12000000,
        "incomelossfromcontinuingoperationsbeforeincometaxesminorityinterestandincomelossfromequitymethodinvestments": 2111000000,
        "incomelossfromequitymethodinvestmentsincludingimpairments": 9000000,
        "incomelossfromcontinuingoperationsbeforeincometaxesextraordinaryitemsnoncontrollinginterest": -39000000,
        "incometaxexpensebenefit": 43000000,
        "incomelossfromcontinuingoperationsincludingportionattributabletononcontrollinginterest": 1763000000,
        "incomelossfromdiscontinuedoperationsnetoftax": -1000000,
        "profitloss": -1000000,
        "dividendsredeemablenoncontrollinginterestscash": 2000000,
        "netincomeavailabletocompanyshareholders": 1760000000,
        "incomelossfromcontinuingoperationsperbasicshare": 5.249999999999999,
        "earningspersharebasic": 14.58,
        "incomelossfromcontinuingoperationsperdilutedshare": 5.26,
        "earningspersharediluted": 14.57,
        "othercomprehensiveincomelossderivativesqualifyingashedgesnetoftax": 35000000,
        "othercomprehensiveincomelosspensionandotherpostretirementbenefitplansadjustmentnetoftax": -28000000,
        "othercomprehensiveincomelossforeigncurrencytransactionandtranslationadjustmentnetoftax": -97000000,
        "othercomprehensiveincomelossnetoftax": -34000000,
        "comprehensiveincomenetoftaxincludingportionattributabletononcontrollinginterest": 1728000000,
        "comprehensiveincomenetoftax": 1726000000
    },
    {
        "date": "2021-06-29",
        "symbol": "LYB",
        "period": "Q2",
        "revenuefromcontractwithcustomerexcludingassessedtax": 11334000000,
        "revenuefromrelatedparties": 227000000,
        "revenues": 11561000000,
        "costofrevenue": 8676000000,
        "sellinggeneralandadministrativeexpense": 327000000,
        "researchanddevelopmentexpense": 32000000,
        "costsandexpenses": 9035000000,
        "operatingincomeloss": 2526000000,
        "interestexpense": 130000000,
        "investmentincomeinterest": 5000000,
        "othernonoperatingincomeexpense": 14000000,
        "incomelossfromcontinuingoperationsbeforeincometaxesminorityinterestandincomelossfromequitymethodinvestments": 2415000000,
        "incomelossfromequitymethodinvestmentsincludingimpairments": 148000000,
        "incomelossfromcontinuingoperationsbeforeincometaxesextraordinaryitemsnoncontrollinginterest": 2563000000,
        "incometaxexpensebenefit": 506000000,
        "incomelossfromcontinuingoperationsincludingportionattributabletononcontrollinginterest": 2057000000,
        "incomelossfromdiscontinuedoperationsnetoftax": 2000000,
        "profitloss": 2059000000,
        "dividendsredeemablenoncontrollinginterestscash": 1000000,
        "netincomeavailabletocompanyshareholders": 2058000000,
        "incomelossfromcontinuingoperationsperbasicshare": 6.13,
        "incomelossfromdiscontinuedoperationsnetoftaxperbasicshare": 0.01,
        "earningspersharebasic": 6.14,
        "incomelossfromcontinuingoperationsperdilutedshare": 6.12,
        "incomelossfromdiscontinuedoperationsnetoftaxperdilutedshare": 0.01,
        "earningspersharediluted": 6.13,
        "othercomprehensiveincomelossderivativesqualifyingashedgesnetoftax": -78000000,
        "othercomprehensiveincomelossavailableforsalesecuritiesadjustmentnetoftax": -1000000,
        "othercomprehensiveincomelosspensionandotherpostretirementbenefitplansadjustmentnetoftax": -17000000,
        "othercomprehensiveincomelossforeigncurrencytransactionandtranslationadjustmentnetoftax": 77000000,
        "othercomprehensiveincomelossnetoftax": 15000000,
        "comprehensiveincomenetoftaxincludingportionattributabletononcontrollinginterest": 2074000000,
        "comprehensiveincomenetoftax": 2073000000
    },
    {
        "date": "2021-03-30",
        "symbol": "LYB",
        "period": "Q1",
        "revenuefromcontractwithcustomerexcludingassessedtax": 8851000000,
        "revenuefromrelatedparties": 231000000,
        "revenues": 9082000000,
        "costofrevenue": 7678000000,
        "sellinggeneralandadministrativeexpense": 287000000,
        "researchanddevelopmentexpense": 29000000,
        "costsandexpenses": 7994000000,
        "operatingincomeloss": 1088000000,
        "interestexpense": 110000000,
        "investmentincomeinterest": 2000000,
        "othernonoperatingincomeexpense": 25000000,
        "incomelossfromcontinuingoperationsbeforeincometaxesminorityinterestandincomelossfromequitymethodinvestments": 1005000000,
        "incomelossfromequitymethodinvestmentsincludingimpairments": 137000000,
        "incomelossfromcontinuingoperationsbeforeincometaxesextraordinaryitemsnoncontrollinginterest": 1142000000,
        "incometaxexpensebenefit": 70000000,
        "incomelossfromcontinuingoperationsincludingportionattributabletononcontrollinginterest": 1072000000,
        "incomelossfromdiscontinuedoperationsnetoftax": -2000000,
        "profitloss": 1070000000,
        "dividendsredeemablenoncontrollinginterestscash": 2000000,
        "netincomeavailabletocompanyshareholders": 1068000000,
        "incomelossfromcontinuingoperationsperbasicshare": 3.2,
        "incomelossfromdiscontinuedoperationsnetoftaxperbasicshare": -0.01,
        "earningspersharebasic": 3.19,
        "incomelossfromcontinuingoperationsperdilutedshare": 3.19,
        "incomelossfromdiscontinuedoperationsnetoftaxperdilutedshare": -0.01,
        "earningspersharediluted": 3.18,
        "othercomprehensiveincomelossderivativesqualifyingashedgesnetoftax": 175000000,
        "othercomprehensiveincomelosspensionandotherpostretirementbenefitplansadjustmentnetoftax": -11000000,
        "othercomprehensiveincomelossforeigncurrencytransactionandtranslationadjustmentnetoftax": -107000000,
        "othercomprehensiveincomelossnetoftax": 79000000,
        "comprehensiveincomenetoftaxincludingportionattributabletononcontrollinginterest": 1149000000,
        "comprehensiveincomenetoftax": 1147000000
    },
    {
        "date": "2020-12-30",
        "symbol": "LYB",
        "period": "Q4",
        "revenuefromcontractwithcustomerexcludingassessedtax": 7734000000,
        "revenuefromrelatedparties": 203000000,
        "revenues": 7937000000,
        "costofrevenue": 6712000000,
        "sellinggeneralandadministrativeexpense": 298000000,
        "researchanddevelopmentexpense": 34000000,
        "costsandexpenses": 7044000000,
        "operatingincomeloss": 893000000,
        "interestexpense": 190000000,
        "investmentincomeinterest": 2000000,
        "othernonoperatingincomeexpense": 58000000,
        "incomelossfromcontinuingoperationsbeforeincometaxesminorityinterestandincomelossfromequitymethodinvestments": 763000000,
        "incomelossfromequitymethodinvestmentsincludingimpairments": 133000000,
        "incomelossfromcontinuingoperationsbeforeincometaxesextraordinaryitemsnoncontrollinginterest": 896000000,
        "incometaxexpensebenefit": 39000000,
        "incomelossfromcontinuingoperationsincludingportionattributabletononcontrollinginterest": 857000000,
        "profitloss": 855000000,
        "netincomeavailabletocompanyshareholders": 853000000,
        "incomelossfromcontinuingoperationsperbasicshare": 2.56,
        "earningspersharebasic": 2.5500000000000003,
        "incomelossfromcontinuingoperationsperdilutedshare": 2.56,
        "earningspersharediluted": 2.5500000000000003,
        "othercomprehensiveincomelossderivativesqualifyingashedgesnetoftax": 63000000,
        "othercomprehensiveincomelosspensionandotherpostretirementbenefitplansadjustmentnetoftax": 72000000,
        "othercomprehensiveincomelossforeigncurrencytransactionandtranslationadjustmentnetoftax": 154000000,
        "othercomprehensiveincomelossnetoftax": 145000000,
        "comprehensiveincomenetoftaxincludingportionattributabletononcontrollinginterest": 1000000000,
        "comprehensiveincomenetoftax": 998000000
    },
    {
        "date": "2020-09-29",
        "symbol": "LYB",
        "period": "Q3",
        "revenuefromcontractwithcustomerexcludingassessedtax": 6587000000,
        "revenuefromrelatedparties": 189000000,
        "revenues": 6776000000,
        "costofrevenue": 5885000000,
        "sellinggeneralandadministrativeexpense": 259000000,
        "researchanddevelopmentexpense": 27000000,
        "costsandexpenses": 6753000000,
        "operatingincomeloss": 23000000,
        "interestexpense": 122000000,
        "investmentincomeinterest": 3000000,
        "othernonoperatingincomeexpense": 76000000,
        "incomelossfromcontinuingoperationsbeforeincometaxesminorityinterestandincomelossfromequitymethodinvestments": -73000000,
        "incomelossfromequitymethodinvestmentsincludingimpairments": 60000000,
        "incomelossfromcontinuingoperationsbeforeincometaxesextraordinaryitemsnoncontrollinginterest": -11000000,
        "incometaxexpensebenefit": -125000000,
        "incomelossfromcontinuingoperationsincludingportionattributabletononcontrollinginterest": 114000000,
        "profitloss": 114000000,
        "netincomeavailabletocompanyshareholders": 112000000,
        "incomelossfromcontinuingoperationsperbasicshare": 0.33,
        "earningspersharebasic": 0.33,
        "incomelossfromcontinuingoperationsperdilutedshare": 0.33,
        "earningspersharediluted": 0.33,
        "othercomprehensiveincomelossderivativesqualifyingashedgesnetoftax": 75000000,
        "othercomprehensiveincomelossavailableforsalesecuritiesadjustmentnetoftax": 0,
        "othercomprehensiveincomelosspensionandotherpostretirementbenefitplansadjustmentnetoftax": -10000000,
        "othercomprehensiveincomelossforeigncurrencytransactionandtranslationadjustmentnetoftax": 86000000,
        "othercomprehensiveincomelossnetoftax": 171000000,
        "comprehensiveincomenetoftaxincludingportionattributabletononcontrollinginterest": 285000000,
        "comprehensiveincomenetoftax": 283000000
    },
    {
        "date": "2020-06-29",
        "symbol": "LYB",
        "period": "Q2",
        "revenuefromcontractwithcustomerexcludingassessedtax": 5371000000,
        "revenuefromrelatedparties": 175000000,
        "revenues": 5546000000,
        "costofrevenue": 4894000000,
        "sellinggeneralandadministrativeexpense": 288000000,
        "researchanddevelopmentexpense": 25000000,
        "costsandexpenses": 5207000000,
        "operatingincomeloss": 339000000,
        "interestexpense": 125000000,
        "investmentincomeinterest": 4000000,
        "othernonoperatingincomeexpense": 4000000,
        "incomelossfromcontinuingoperationsbeforeincometaxesminorityinterestandincomelossfromequitymethodinvestments": 222000000,
        "incomelossfromequitymethodinvestmentsincludingimpairments": 61000000,
        "incomelossfromcontinuingoperationsbeforeincometaxesextraordinaryitemsnoncontrollinginterest": 283000000,
        "incometaxexpensebenefit": -32000000,
        "incomelossfromcontinuingoperationsincludingportionattributabletononcontrollinginterest": 315000000,
        "incomelossfromdiscontinuedoperationsnetoftax": -1000000,
        "profitloss": 314000000,
        "dividendsredeemablenoncontrollinginterestscash": 1000000,
        "netincomeavailabletocompanyshareholders": 313000000,
        "incomelossfromcontinuingoperationsperbasicshare": 0.94,
        "earningspersharebasic": 0.94,
        "incomelossfromcontinuingoperationsperdilutedshare": 0.94,
        "earningspersharediluted": 0.94,
        "othercomprehensiveincomelossderivativesqualifyingashedgesnetoftax": -26000000,
        "othercomprehensiveincomelossavailableforsalesecuritiesadjustmentnetoftax": 3000000,
        "othercomprehensiveincomelosspensionandotherpostretirementbenefitplansadjustmentnetoftax": -11000000,
        "othercomprehensiveincomelossforeigncurrencytransactionandtranslationadjustmentnetoftax": 66000000,
        "othercomprehensiveincomelossnetoftax": 54000000,
        "comprehensiveincomenetoftaxincludingportionattributabletononcontrollinginterest": 368000000,
        "comprehensiveincomenetoftax": 367000000
    },
    {
        "date": "2020-03-30",
        "symbol": "LYB",
        "period": "Q1",
        "revenuefromcontractwithcustomerexcludingassessedtax": 7303000000,
        "revenuefromrelatedparties": 191000000,
        "revenues": 7494000000,
        "costofrevenue": 6868000000,
        "sellinggeneralandadministrativeexpense": 295000000,
        "researchanddevelopmentexpense": 27000000,
        "costsandexpenses": 7190000000,
        "operatingincomeloss": 304000000,
        "interestexpense": 89000000,
        "investmentincomeinterest": 3000000,
        "othernonoperatingincomeexpense": -53000000,
        "incomelossfromcontinuingoperationsbeforeincometaxesminorityinterestandincomelossfromequitymethodinvestments": 218000000,
        "incomelossfromequitymethodinvestmentsincludingimpairments": 2000000,
        "incomelossfromcontinuingoperationsbeforeincometaxesextraordinaryitemsnoncontrollinginterest": 218000000,
        "incometaxexpensebenefit": 75000000,
        "incomelossfromcontinuingoperationsincludingportionattributabletononcontrollinginterest": 143000000,
        "incomelossfromdiscontinuedoperationsnetoftax": 1000000,
        "profitloss": 144000000,
        "dividendsonspecialstockofsubsidiary": 2000000,
        "netincomeavailabletocompanyshareholders": 142000000,
        "incomelossfromcontinuingoperationsperbasicshare": 0.42,
        "earningspersharebasic": 0.42,
        "incomelossfromcontinuingoperationsperdilutedshare": 0.42,
        "earningspersharediluted": 0.42,
        "othercomprehensiveincomelossderivativesqualifyingashedgesnetoftax": -338000000,
        "othercomprehensiveincomelossavailableforsalesecuritiesadjustmentnetoftax": -2000000,
        "othercomprehensiveincomelosspensionandotherpostretirementbenefitplansadjustmentnetoftax": -10000000,
        "othercomprehensiveincomelossforeigncurrencytransactionandtranslationadjustmentnetoftax": -199000000,
        "othercomprehensiveincomelossnetoftax": -529000000,
        "comprehensiveincomenetoftaxincludingportionattributabletononcontrollinginterest": -385000000,
        "specialdividendsredeemablenoncontrollinginterestscash": -2000000,
        "comprehensiveincomenetoftax": -387000000
    },
    {
        "date": "2019-12-30",
        "symbol": "LYB",
        "period": "Q4",
        "profitloss": 612000000,
        "othercomprehensiveincomelossderivativesqualifyingashedgesnetoftax": 98000000,
        "othercomprehensiveincomelosspensionandotherpostretirementbenefitplansadjustmentnetoftax": 284000000,
        "othercomprehensiveincomelossforeigncurrencytransactionandtranslationadjustmentnetoftax": 86000000,
        "othercomprehensiveincomelossnetoftax": -101000000,
        "comprehensiveincomenetoftaxincludingportionattributabletononcontrollinginterest": 511000000,
        "comprehensiveincomenetoftax": 509000000,
        "revenuefromcontractwithcustomerexcludingassessedtax": 7988000000,
        "revenuefromrelatedparties": 191000000,
        "revenues": 8179000000,
        "costofrevenue": 7044000000,
        "sellinggeneralandadministrativeexpense": 307000000,
        "researchanddevelopmentexpense": 30000000,
        "costsandexpenses": 7381000000,
        "operatingincomeloss": 798000000,
        "interestexpense": 88000000,
        "investmentincomeinterest": 3000000,
        "othernonoperatingincomeexpense": -7000000,
        "incomelossfromcontinuingoperationsbeforeincometaxesminorityinterestandincomelossfromequitymethodinvestments": 706000000,
        "incomelossfromequitymethodinvestmentsincludingimpairments": 46000000,
        "incomelossfromcontinuingoperationsbeforeincometaxesextraordinaryitemsnoncontrollinginterest": 752000000,
        "incometaxexpensebenefit": 140000000,
        "earningspersharebasic": 1.8699999999999997,
        "earningspersharediluted": 1.8599999999999999
    },
    {
        "date": "2019-09-29",
        "symbol": "LYB",
        "period": "Q3",
        "profitloss": 965000000,
        "othercomprehensiveincomelossderivativesqualifyingashedgesnetoftax": -112000000,
        "othercomprehensiveincomelosspensionandotherpostretirementbenefitplansadjustmentnetoftax": -5000000,
        "othercomprehensiveincomelossforeigncurrencytransactionandtranslationadjustmentnetoftax": -114000000,
        "othercomprehensiveincomelossnetoftax": -221000000,
        "comprehensiveincomenetoftaxincludingportionattributabletononcontrollinginterest": 744000000,
        "specialdividendscommonstockcash": 2000000,
        "comprehensiveincomenetoftax": 742000000,
        "revenuefromcontractwithcustomerexcludingassessedtax": 8527000000,
        "revenuefromrelatedparties": 195000000,
        "revenues": 17391000000,
        "costofrevenue": 7269000000,
        "sellinggeneralandadministrativeexpense": 303000000,
        "researchanddevelopmentexpense": 26000000,
        "costsandexpenses": 7598000000,
        "operatingincomeloss": 1124000000,
        "interestexpense": 86000000,
        "investmentincomeinterest": 5000000,
        "othernonoperatingincomeexpense": 11000000,
        "incomelossfromcontinuingoperationsbeforeincometaxesminorityinterestandincomelossfromequitymethodinvestments": 1054000000,
        "incomelossfromequitymethodinvestmentsincludingimpairments": 64000000,
        "incomelossfromcontinuingoperationsbeforeincometaxesextraordinaryitemsnoncontrollinginterest": 1105000000,
        "incometaxexpensebenefit": 136000000,
        "dividendsonspecialstockofsubsidiary": 2000000,
        "netincomeavailabletocompanyshareholders": 963000000,
        "earningspersharebasic": 2.8299999999999996,
        "earningspersharediluted": 2.8299999999999996
    },
    {
        "date": "2019-06-29",
        "symbol": "LYB",
        "period": "Q2",
        "profitloss": 1003000000,
        "othercomprehensiveincomelossderivativesqualifyingashedgesnetoftax": -68000000,
        "othercomprehensiveincomelossavailableforsalesecuritiesadjustmentnetoftax": 1000000,
        "othercomprehensiveincomelosspensionandotherpostretirementbenefitplansadjustmentnetoftax": -5000000,
        "othercomprehensiveincomelossforeigncurrencytransactionandtranslationadjustmentnetoftax": 18000000,
        "othercomprehensiveincomelossnetoftax": -44000000,
        "comprehensiveincomenetoftaxincludingportionattributabletononcontrollinginterest": 959000000,
        "specialdividendscommonstockcash": 1000000,
        "comprehensiveincomenetoftax": 958000000,
        "revenuefromcontractwithcustomerexcludingassessedtax": 8828000000,
        "revenuefromrelatedparties": 220000000,
        "revenues": 9048000000,
        "costofrevenue": 7542000000,
        "sellinggeneralandadministrativeexpense": 302000000,
        "researchanddevelopmentexpense": 27000000,
        "costsandexpenses": 7871000000,
        "operatingincomeloss": 1177000000,
        "interestexpense": 81000000,
        "investmentincomeinterest": 5000000,
        "othernonoperatingincomeexpense": 10000000,
        "incomelossfromcontinuingoperationsbeforeincometaxesminorityinterestandincomelossfromequitymethodinvestments": 1111000000,
        "incomelossfromequitymethodinvestmentsincludingimpairments": 64000000,
        "incomelossfromcontinuingoperationsbeforeincometaxesextraordinaryitemsnoncontrollinginterest": 1175000000,
        "incometaxexpensebenefit": 169000000,
        "incomelossfromcontinuingoperationsincludingportionattributabletononcontrollinginterest": 1006000000,
        "incomelossfromdiscontinuedoperationsnetoftax": -3000000,
        "dividendsonspecialstockofsubsidiary": 1000000,
        "netincomeavailabletocompanyshareholders": 1002000000,
        "incomelossfromcontinuingoperationsperbasicshare": 2.71,
        "incomelossfromdiscontinuedoperationsnetoftaxperbasicshare": -0.01,
        "earningspersharebasic": 2.7,
        "incomelossfromcontinuingoperationsperdilutedshare": 2.71,
        "incomelossfromdiscontinuedoperationsnetoftaxperdilutedshare": -0.01,
        "earningspersharediluted": 2.7
    },
    {
        "date": "2019-03-30",
        "symbol": "LYB",
        "period": "Q1",
        "profitloss": 817000000,
        "othercomprehensiveincomelossderivativesqualifyingashedgesnetoftax": -50000000,
        "othercomprehensiveincomelosspensionandotherpostretirementbenefitplansadjustmentnetoftax": -5000000,
        "othercomprehensiveincomelossforeigncurrencytransactionandtranslationadjustmentnetoftax": -10000000,
        "othercomprehensiveincomelossnetoftax": -55000000,
        "comprehensiveincomenetoftaxincludingportionattributabletononcontrollinginterest": 762000000,
        "specialdividendscommonstockcash": 2000000,
        "comprehensiveincomenetoftax": 760000000,
        "revenuefromcontractwithcustomerexcludingassessedtax": 8565000000,
        "revenuefromrelatedparties": 213000000,
        "revenues": 109000000,
        "costofrevenue": 7446000000,
        "sellinggeneralandadministrativeexpense": 287000000,
        "researchanddevelopmentexpense": 28000000,
        "costsandexpenses": 7761000000,
        "operatingincomeloss": 1017000000,
        "interestexpense": 92000000,
        "investmentincomeinterest": 6000000,
        "othernonoperatingincomeexpense": 25000000,
        "incomelossfromcontinuingoperationsbeforeincometaxesminorityinterestandincomelossfromequitymethodinvestments": 956000000,
        "incomelossfromequitymethodinvestmentsincludingimpairments": 51000000,
        "incomelossfromcontinuingoperationsbeforeincometaxesextraordinaryitemsnoncontrollinginterest": 1020000000,
        "incometaxexpensebenefit": 203000000,
        "dividendsonspecialstockofsubsidiary": 2000000,
        "netincomeavailabletocompanyshareholders": 815000000,
        "earningspersharebasic": 2.19,
        "earningspersharediluted": 2.19
    },
    {
        "date": "2018-09-29",
        "symbol": "LYB",
        "period": "Q3",
        "profitloss": -1233000000,
        "othercomprehensiveincomelossderivativesqualifyingashedgesnetoftax": 51000000,
        "othercomprehensiveincomelosspensionandotherpostretirementbenefitplansadjustmentnetoftax": -6000000,
        "othercomprehensiveincomelossforeigncurrencytransactionandtranslationadjustmentnetoftax": -8000000,
        "othercomprehensiveincomelossnetoftax": 49000000,
        "comprehensiveincomenetoftaxincludingportionattributabletononcontrollinginterest": 1162000000,
        "comprehensiveincomenetoftax": 1162000000,
        "revenuefromrelatedparties": 229000000,
        "sellinggeneralandadministrativeexpense": 309000000,
        "researchanddevelopmentexpense": 30000000,
        "costsandexpenses": 8838000000,
        "operatingincomeloss": 1317000000,
        "interestexpense": 90000000,
        "investmentincomeinterest": 14000000,
        "othernonoperatingincomeexpense": -13000000,
        "incomelossfromcontinuingoperationsbeforeincometaxesminorityinterestandincomelossfromequitymethodinvestments": 1258000000,
        "incomelossfromequitymethodinvestmentsincludingimpairments": 49000000,
        "incomelossfromcontinuingoperationsbeforeincometaxesextraordinaryitemsnoncontrollinginterest": -14000000,
        "incometaxexpensebenefit": -6000000,
        "incomelossfromcontinuingoperationsincludingportionattributabletononcontrollinginterest": 1115000000,
        "netincomeloss": -9000000,
        "incomelossfromcontinuingoperationsperbasicshare": 2.8600000000000003,
        "earningspersharebasic": -7.36,
        "incomelossfromcontinuingoperationsperdilutedshare": 2.86,
        "earningspersharediluted": -7.34
    },
    {
        "date": "2018-06-29",
        "symbol": "LYB",
        "period": "Q2",
        "profitloss": -1000000,
        "othercomprehensiveincomelossderivativesqualifyingashedgesnetoftax": 31000000,
        "othercomprehensiveincomelosspensionandotherpostretirementbenefitplansadjustmentnetoftax": -7000000,
        "othercomprehensiveincomelossforeigncurrencytransactionandtranslationadjustmentnetoftax": -95000000,
        "othercomprehensiveincomelossnetoftax": -57000000,
        "comprehensiveincomenetoftaxincludingportionattributabletononcontrollinginterest": 1597000000,
        "comprehensiveincomenetoftax": 1597000000,
        "salesrevenuegoodsnet": 9985000000,
        "revenuefromrelatedparties": 221000000,
        "salesrevenuenet": 2848000000,
        "costofgoodssold": 8290000000,
        "sellinggeneralandadministrativeexpense": 261000000,
        "researchanddevelopmentexpense": 29000000,
        "costsandexpenses": 8580000000,
        "operatingincomeloss": 1626000000,
        "interestexpense": 91000000,
        "investmentincomeinterest": 15000000,
        "othernonoperatingincomeexpense": -124000000,
        "incomelossfromcontinuingoperationsbeforeincometaxesminorityinterestandincomelossfromequitymethodinvestments": 1566000000,
        "incomelossfromequitymethodinvestmentsincludingimpairments": 54000000,
        "incomelossfromcontinuingoperationsbeforeincometaxesextraordinaryitemsnoncontrollinginterest": -115000000,
        "incometaxexpensebenefit": -30000000,
        "incomelossfromcontinuingoperationsincludingportionattributabletononcontrollinginterest": 1655000000,
        "incomelossfromdiscontinuedoperationsnetoftax": -1000000,
        "netincomeloss": -1000000,
        "incomelossfromcontinuingoperationsperbasicshare": 4.23,
        "earningspersharebasic": 4.23,
        "incomelossfromcontinuingoperationsperdilutedshare": 4.22,
        "earningspersharediluted": 4.22
    },
    {
        "date": "2018-03-30",
        "symbol": "LYB",
        "period": "Q1",
        "salesrevenuegoodsnet": 9530000000,
        "revenuefromrelatedparties": 237000000,
        "salesrevenuenet": 2795000000,
        "costofgoodssold": 4000000,
        "sellinggeneralandadministrativeexpense": 233000000,
        "researchanddevelopmentexpense": 28000000,
        "costsandexpenses": 8273000000,
        "operatingincomeloss": 1494000000,
        "interestexpense": 91000000,
        "investmentincomeinterest": 11000000,
        "othernonoperatingincomeexpense": 62000000,
        "incomelossfromcontinuingoperationsbeforeincometaxesminorityinterestandincomelossfromequitymethodinvestments": 1438000000,
        "incomelossfromequitymethodinvestmentsincludingimpairments": 96000000,
        "incomelossfromcontinuingoperationsbeforeincometaxesextraordinaryitemsnoncontrollinginterest": 74000000,
        "incometaxexpensebenefit": 16000000,
        "incomelossfromcontinuingoperationsincludingportionattributabletononcontrollinginterest": 1231000000,
        "profitloss": 1231000000,
        "netincomeloss": 7000000,
        "incomelossfromcontinuingoperationsperbasicshare": 3.12,
        "earningspersharebasic": 3.12,
        "incomelossfromcontinuingoperationsperdilutedshare": 3.11,
        "earningspersharediluted": 3.11,
        "othercomprehensiveincomelossderivativesqualifyingashedgesnetoftax": 7000000,
        "othercomprehensiveincomelosspensionandotherpostretirementbenefitplansadjustmentnetoftax": -7000000,
        "othercomprehensiveincomelossforeigncurrencytransactionandtranslationadjustmentnetoftax": 40000000,
        "othercomprehensiveincomelossnetoftax": 54000000,
        "comprehensiveincomenetoftaxincludingportionattributabletononcontrollinginterest": 1285000000,
        "comprehensiveincomenetoftax": 1285000000
    },
    {
        "date": "2017-09-29",
        "symbol": "LYB",
        "period": "Q3",
        "salesrevenuegoodsnet": 8312000000,
        "revenuefromrelatedparties": 204000000,
        "salesrevenuenet": -10181000000,
        "costofgoodssold": 6939000000,
        "sellinggeneralandadministrativeexpense": 218000000,
        "researchanddevelopmentexpense": 27000000,
        "costsandexpenses": 7184000000,
        "operatingincomeloss": 1332000000,
        "interestexpense": 94000000,
        "investmentincomeinterest": 5000000,
        "othernonoperatingincomeexpense": 173000000,
        "incomelossfromcontinuingoperationsbeforeincometaxesminorityinterestandincomelossfromequitymethodinvestments": 1357000000,
        "incomelossfromequitymethodinvestmentsincludingimpairments": 43000000,
        "incomelossfromcontinuingoperationsbeforeincometaxesextraordinaryitemsnoncontrollinginterest": 3974000000,
        "incometaxexpensebenefit": 1101000000,
        "incomelossfromcontinuingoperationsincludingportionattributabletononcontrollinginterest": 1058000000,
        "incomelossfromdiscontinuedoperationsnetoftax": -2000000,
        "profitloss": -1941000000,
        "netincomeloss": 1059000000,
        "incomelossfromcontinuingoperationsperbasicshare": 2.66,
        "incomelossfromdiscontinuedoperationsnetoftaxperbasicshare": 3.469446951953614e-18,
        "earningspersharebasic": 2.63,
        "incomelossfromcontinuingoperationsperdilutedshare": 2.67,
        "incomelossfromdiscontinuedoperationsnetoftaxperdilutedshare": 3.469446951953614e-18,
        "earningspersharediluted": 2.67,
        "othercomprehensiveincomeunrealizedgainlossonderivativesarisingduringperiodbeforetax": -100000000,
        "othercomprehensiveincomelossreclassificationadjustmentfromaocionderivativesbeforetax": -74000000,
        "othercomprehensiveincomederivativesqualifyingashedgestaxportionattributabletoparent": -5000000,
        "othercomprehensiveincomelossderivativesqualifyingashedgesnetoftax": -21000000,
        "othercomprehensiveincomeunrealizedholdinggainlossonsecuritiesarisingduringperiodbeforetax": 2000000,
        "othercomprehensiveincomeavailableforsalesecuritiestaxportionattributabletoparent": 0,
        "othercomprehensiveincomelossavailableforsalesecuritiesadjustmentnetoftax": 2000000,
        "othercomprehensiveincomeunrealizedholdinggainlossonsecuritiesattributabletoequityinvesteesarisingduringperiodbeforetax": 5000000,
        "othercomprehensiveincomelossavailableforsalesecuritiesattributabletoequityinvesteesadjustmentnetoftax": 5000000,
        "othercomprehensiveincomelossreclassificationadjustmentfromaocipensionandotherpostretirementbenefitplansfornetgainlossbeforetax": -10000000,
        "othercomprehensiveincomedefinedbenefitplanstaxportionattributabletoparent": -3000000,
        "othercomprehensiveincomelosspensionandotherpostretirementbenefitplansadjustmentnetoftax": -7000000,
        "othercomprehensiveincomeforeigncurrencytransactionandtranslationgainlossbeforereclassificationandtax": 11000000,
        "othercomprehensiveincomeforeigncurrencytranslationadjustmenttaxportionattributabletoparent": -12000000,
        "othercomprehensiveincomelossforeigncurrencytransactionandtranslationadjustmentnetoftax": 23000000,
        "othercomprehensiveincomelossnetoftax": 69000000,
        "comprehensiveincomenetoftaxincludingportionattributabletononcontrollinginterest": 1072000000,
        "comprehensiveincomenetoftax": 1073000000
    },
    {
        "date": "2017-06-29",
        "symbol": "LYB",
        "period": "Q2",
        "salesrevenuegoodsnet": 8220000000,
        "revenuefromrelatedparties": 183000000,
        "salesrevenuenet": -986000000,
        "costofgoodssold": 6601000000,
        "sellinggeneralandadministrativeexpense": 200000000,
        "researchanddevelopmentexpense": 25000000,
        "costsandexpenses": 6826000000,
        "operatingincomeloss": 1577000000,
        "interestexpense": 95000000,
        "investmentincomeinterest": 4000000,
        "othernonoperatingincomeexpense": 29000000,
        "incomelossfromcontinuingoperationsbeforeincometaxesminorityinterestandincomelossfromequitymethodinvestments": 1515000000,
        "incomelossfromequitymethodinvestmentsincludingimpairments": 78000000,
        "incomelossfromcontinuingoperationsbeforeincometaxesextraordinaryitemsnoncontrollinginterest": 142000000,
        "incometaxexpensebenefit": 43000000,
        "incomelossfromcontinuingoperationsincludingportionattributabletononcontrollinginterest": 1134000000,
        "incomelossfromdiscontinuedoperationsnetoftax": -4000000,
        "profitloss": 1134000000,
        "netincomelossattributabletononcontrollinginterest": -1000000,
        "netincomeloss": 1135000000,
        "incomelossfromcontinuingoperationsperbasicshare": 2.83,
        "incomelossfromdiscontinuedoperationsnetoftaxperbasicshare": -0.01,
        "earningspersharebasic": 2.83,
        "incomelossfromcontinuingoperationsperdilutedshare": 2.82,
        "incomelossfromdiscontinuedoperationsnetoftaxperdilutedshare": -0.01,
        "earningspersharediluted": 2.82,
        "othercomprehensiveincomeunrealizedgainlossonderivativesarisingduringperiodbeforetax": -158000000,
        "othercomprehensiveincomelossreclassificationadjustmentfromaocionderivativesbeforetax": -133000000,
        "othercomprehensiveincomederivativesqualifyingashedgestaxportionattributabletoparent": -4000000,
        "othercomprehensiveincomelossderivativesqualifyingashedgesnetoftax": -21000000,
        "othercomprehensiveincomeunrealizedholdinggainlossonsecuritiesarisingduringperiodbeforetax": -5000000,
        "othercomprehensiveincomeavailableforsalesecuritiestaxportionattributabletoparent": -1000000,
        "othercomprehensiveincomelossavailableforsalesecuritiesadjustmentnetoftax": -4000000,
        "othercomprehensiveincomeunrealizedholdinggainlossonsecuritiesattributabletoequityinvesteesarisingduringperiodbeforetax": -2000000,
        "othercomprehensiveincomelossavailableforsalesecuritiesattributabletoequityinvesteesadjustmentnetoftax": -2000000,
        "othercomprehensiveincomelossreclassificationadjustmentfromaocipensionandotherpostretirementbenefitplansfornetgainlossbeforetax": -9000000,
        "othercomprehensiveincomedefinedbenefitplanstaxportionattributabletoparent": -3000000,
        "othercomprehensiveincomelosspensionandotherpostretirementbenefitplansadjustmentnetoftax": -6000000,
        "othercomprehensiveincomeforeigncurrencytransactionandtranslationgainlossbeforereclassificationandtax": 63000000,
        "othercomprehensiveincomeforeigncurrencytranslationadjustmenttaxportionattributabletoparent": -21000000,
        "othercomprehensiveincomelossforeigncurrencytransactionandtranslationadjustmentnetoftax": 84000000,
        "othercomprehensiveincomelossnetoftax": 63000000,
        "comprehensiveincomenetoftaxincludingportionattributabletononcontrollinginterest": 1193000000,
        "comprehensiveincomenetoftaxattributabletononcontrollinginterest": -1000000,
        "comprehensiveincomenetoftax": 1194000000
    },
    {
        "date": "2017-03-30",
        "symbol": "LYB",
        "period": "Q1",
        "salesrevenuegoodsnet": 8243000000,
        "revenuefromrelatedparties": 187000000,
        "salesrevenuenet": 8430000000,
        "costofgoodssold": 6991000000,
        "sellinggeneralandadministrativeexpense": 204000000,
        "researchanddevelopmentexpense": 25000000,
        "costsandexpenses": 7220000000,
        "operatingincomeloss": 1210000000,
        "interestexpense": 207000000,
        "investmentincomeinterest": 6000000,
        "othernonoperatingincomeexpense": 30000000,
        "incomelossfromcontinuingoperationsbeforeincometaxesminorityinterestandincomelossfromequitymethodinvestments": 1039000000,
        "incomelossfromequitymethodinvestmentsincludingimpairments": 81000000,
        "incomelossfromcontinuingoperationsbeforeincometaxesextraordinaryitemsnoncontrollinginterest": 35000000,
        "incometaxexpensebenefit": 10000000,
        "incomelossfromcontinuingoperationsincludingportionattributabletononcontrollinginterest": 805000000,
        "incomelossfromdiscontinuedoperationsnetoftax": -8000000,
        "profitloss": 805000000,
        "netincomeloss": 805000000,
        "incomelossfromcontinuingoperationsperbasicshare": 2,
        "incomelossfromdiscontinuedoperationsnetoftaxperbasicshare": -0.02,
        "earningspersharebasic": 2,
        "incomelossfromcontinuingoperationsperdilutedshare": 2,
        "incomelossfromdiscontinuedoperationsnetoftaxperdilutedshare": -0.02,
        "earningspersharediluted": 2,
        "othercomprehensiveincomeunrealizedgainlossonderivativesarisingduringperiodbeforetax": -2000000,
        "othercomprehensiveincomelossreclassificationadjustmentfromaocionderivativesbeforetax": -25000000,
        "othercomprehensiveincomederivativesqualifyingashedgestaxportionattributabletoparent": 1000000,
        "othercomprehensiveincomelossderivativesqualifyingashedgesnetoftax": 22000000,
        "othercomprehensiveincomeunrealizedholdinggainlossonsecuritiesarisingduringperiodbeforetax": -4000000,
        "othercomprehensiveincomeavailableforsalesecuritiestaxportionattributabletoparent": -1000000,
        "othercomprehensiveincomelossavailableforsalesecuritiesadjustmentnetoftax": -3000000,
        "othercomprehensiveincomeunrealizedholdinggainlossonsecuritiesattributabletoequityinvesteesarisingduringperiodbeforetax": 11000000,
        "othercomprehensiveincomelossavailableforsalesecuritiesattributabletoequityinvesteesadjustmentnetoftax": 11000000,
        "othercomprehensiveincomelossreclassificationadjustmentfromaocipensionandotherpostretirementbenefitplansfornetgainlossbeforetax": -10000000,
        "othercomprehensiveincomedefinedbenefitplanstaxportionattributabletoparent": -3000000,
        "othercomprehensiveincomelosspensionandotherpostretirementbenefitplansadjustmentnetoftax": -7000000,
        "othercomprehensiveincomeforeigncurrencytransactionandtranslationgainlossbeforereclassificationandtax": 38000000,
        "othercomprehensiveincomeforeigncurrencytranslationadjustmenttaxportionattributabletoparent": 2000000,
        "othercomprehensiveincomelossforeigncurrencytransactionandtranslationadjustmentnetoftax": 36000000,
        "othercomprehensiveincomelossnetoftax": 11000000,
        "comprehensiveincomenetoftaxincludingportionattributabletononcontrollinginterest": 870000000,
        "comprehensiveincomenetoftax": 870000000
    },
    {
        "date": "2016-09-29",
        "symbol": "LYB",
        "period": "Q3",
        "salesrevenuegoodsnet": 7191000000,
        "revenuefromrelatedparties": 174000000,
        "salesrevenuenet": 22966000000,
        "costofgoodssold": 5903000000,
        "sellinggeneralandadministrativeexpense": 188000000,
        "researchanddevelopmentexpense": 25000000,
        "costsandexpenses": 6116000000,
        "operatingincomeloss": 1249000000,
        "interestexpense": 72000000,
        "investmentincomeinterest": 4000000,
        "othernonoperatingincomeexpense": -33000000,
        "incomelossfromcontinuingoperationsbeforeincometaxesminorityinterestandincomelossfromequitymethodinvestments": 1200000000,
        "incomelossfromequitymethodinvestmentsincludingimpairments": 231000000,
        "incomelossfromcontinuingoperationsbeforeincometaxesextraordinaryitemsnoncontrollinginterest": 1281000000,
        "incometaxexpensebenefit": 326000000,
        "incomelossfromcontinuingoperationsincludingportionattributabletononcontrollinginterest": 955000000,
        "profitloss": 955000000,
        "netincomeloss": 954000000,
        "incomelossfromcontinuingoperationsperbasicshare": 2.3199999999999994,
        "earningspersharebasic": 2.3099999999999996,
        "incomelossfromcontinuingoperationsperdilutedshare": 2.3100000000000005,
        "earningspersharediluted": 2.3100000000000005,
        "othercomprehensiveincomeunrealizedgainlossonderivativesarisingduringperiodbeforetax": -69000000,
        "othercomprehensiveincomelossreclassificationadjustmentfromaocionderivativesbeforetax": -5000000,
        "othercomprehensiveincomederivativesqualifyingashedgestaxportionattributabletoparent": -16000000,
        "othercomprehensiveincomelossderivativesqualifyingashedgesnetoftax": -48000000,
        "othercomprehensiveincomelossreclassificationadjustmentfromaocipensionandotherpostretirementbenefitplansfornetgainlossbeforetax": -8000000,
        "othercomprehensiveincomedefinedbenefitplanstaxportionattributabletoparent": -4000000,
        "othercomprehensiveincomelosspensionandotherpostretirementbenefitplansadjustmentnetoftax": -5000000,
        "othercomprehensiveincomeforeigncurrencytransactionandtranslationgainlossbeforereclassificationandtax": 17000000,
        "othercomprehensiveincomeforeigncurrencytranslationadjustmenttaxportionattributabletoparent": 0,
        "othercomprehensiveincomelossforeigncurrencytransactionandtranslationadjustmentnetoftax": 24000000,
        "othercomprehensiveincomelossnetoftax": -20000000,
        "comprehensiveincomenetoftaxincludingportionattributabletononcontrollinginterest": 933000000,
        "comprehensiveincomenetoftax": 932000000
    },
    {
        "date": "2016-06-29",
        "symbol": "LYB",
        "period": "Q2",
        "salesrevenuegoodsnet": 7132000000,
        "revenuefromrelatedparties": 196000000,
        "salesrevenuenet": -1662000000,
        "costofgoodssold": 5702000000,
        "sellinggeneralandadministrativeexpense": 199000000,
        "researchanddevelopmentexpense": 24000000,
        "costsandexpenses": 5925000000,
        "operatingincomeloss": 1403000000,
        "interestexpense": 83000000,
        "investmentincomeinterest": 4000000,
        "othernonoperatingincomeexpense": -5000000,
        "incomelossfromcontinuingoperationsbeforeincometaxesminorityinterestandincomelossfromequitymethodinvestments": 1321000000,
        "incomelossfromequitymethodinvestmentsincludingimpairments": -68000000,
        "incomelossfromcontinuingoperationsbeforeincometaxesextraordinaryitemsnoncontrollinginterest": 2802000000,
        "incometaxexpensebenefit": 775000000,
        "incomelossfromcontinuingoperationsincludingportionattributabletononcontrollinginterest": 1092000000,
        "profitloss": 1092000000,
        "netincomeloss": 1092000000,
        "incomelossfromcontinuingoperationsperbasicshare": 2.5600000000000005,
        "earningspersharebasic": 2.5600000000000005,
        "incomelossfromcontinuingoperationsperdilutedshare": 2.5599999999999996,
        "earningspersharediluted": 2.5599999999999996,
        "othercomprehensiveincomeunrealizedgainlossonderivativesarisingduringperiodbeforetax": 5000000,
        "othercomprehensiveincomelossreclassificationadjustmentfromaocionderivativesbeforetax": 43000000,
        "othercomprehensiveincomederivativesqualifyingashedgestaxportionattributabletoparent": 12000000,
        "othercomprehensiveincomelossderivativesqualifyingashedgesnetoftax": -50000000,
        "othercomprehensiveincomelossavailableforsalesecuritiesadjustmentnetoftax": 0,
        "othercomprehensiveincomelossreclassificationadjustmentfromaocipensionandotherpostretirementbenefitplansfornetgainlossbeforetax": -7000000,
        "othercomprehensiveincomedefinedbenefitplanstaxportionattributabletoparent": -2000000,
        "othercomprehensiveincomelosspensionandotherpostretirementbenefitplansadjustmentnetoftax": -5000000,
        "othercomprehensiveincomeforeigncurrencytransactionandtranslationgainlossbeforereclassificationandtax": -29000000,
        "othercomprehensiveincomeforeigncurrencytranslationadjustmenttaxportionattributabletoparent": 1000000,
        "othercomprehensiveincomelossforeigncurrencytransactionandtranslationadjustmentnetoftax": -30000000,
        "othercomprehensiveincomelossnetoftax": -75000000,
        "comprehensiveincomenetoftaxincludingportionattributabletononcontrollinginterest": 1016000000,
        "comprehensiveincomenetoftax": 1016000000
    },
    {
        "date": "2016-03-30",
        "symbol": "LYB",
        "period": "Q1",
        "salesrevenuegoodsnet": 6556000000,
        "revenuefromrelatedparties": 187000000,
        "salesrevenuenet": 132000000,
        "costofgoodssold": 5166000000,
        "sellinggeneralandadministrativeexpense": 193000000,
        "researchanddevelopmentexpense": 24000000,
        "costsandexpenses": 5383000000,
        "operatingincomeloss": 1360000000,
        "interestexpense": 82000000,
        "investmentincomeinterest": 5000000,
        "othernonoperatingincomeexpense": 90000000,
        "incomelossfromcontinuingoperationsbeforeincometaxesminorityinterestandincomelossfromequitymethodinvestments": 1371000000,
        "incomelossfromequitymethodinvestmentsincludingimpairments": 69000000,
        "incomelossfromcontinuingoperationsbeforeincometaxesextraordinaryitemsnoncontrollinginterest": 98000000,
        "incometaxexpensebenefit": 3000000,
        "incomelossfromcontinuingoperationsincludingportionattributabletononcontrollinginterest": 1030000000,
        "profitloss": 1030000000,
        "netincomeloss": 1030000000,
        "incomelossfromcontinuingoperationsperbasicshare": 2.38,
        "earningspersharebasic": 2.38,
        "incomelossfromcontinuingoperationsperdilutedshare": 2.37,
        "earningspersharediluted": 2.37,
        "othercomprehensiveincomeunrealizedgainlossonderivativesarisingduringperiodbeforetax": -194000000,
        "othercomprehensiveincomelossreclassificationadjustmentfromaocionderivativesbeforetax": -90000000,
        "othercomprehensiveincomederivativesqualifyingashedgestaxportionattributabletoparent": -53000000,
        "othercomprehensiveincomelossderivativesqualifyingashedgesnetoftax": -51000000,
        "othercomprehensiveincomeunrealizedholdinggainlossonsecuritiesarisingduringperiodbeforetax": -6000000,
        "othercomprehensiveincomelossavailableforsalesecuritiesadjustmentnetoftax": -6000000,
        "othercomprehensiveincomelossreclassificationadjustmentfromaocipensionandotherpostretirementbenefitplansfornetgainlossbeforetax": -8000000,
        "othercomprehensiveincomedefinedbenefitplanstaxportionattributabletoparent": -3000000,
        "othercomprehensiveincomelosspensionandotherpostretirementbenefitplansadjustmentnetoftax": -5000000,
        "othercomprehensiveincomeforeigncurrencytransactionandtranslationgainlossbeforereclassificationandtax": 85000000,
        "othercomprehensiveincomeforeigncurrencytranslationadjustmenttaxportionattributabletoparent": -8000000,
        "othercomprehensiveincomelossforeigncurrencytransactionandtranslationadjustmentnetoftax": 93000000,
        "othercomprehensiveincomelossnetoftax": 41000000,
        "comprehensiveincomenetoftaxincludingportionattributabletononcontrollinginterest": 1071000000,
        "comprehensiveincomenetoftax": 1071000000
    },
    {
        "date": "2015-09-29",
        "symbol": "LYB",
        "period": "Q3",
        "salesrevenuegoodsnet": 8119000000,
        "revenuefromrelatedparties": 215000000,
        "salesrevenuenet": 100000000,
        "costofgoodssold": 6465000000,
        "sellinggeneralandadministrativeexpense": 194000000,
        "researchanddevelopmentexpense": 25000000,
        "costsandexpenses": 6684000000,
        "operatingincomeloss": 1650000000,
        "interestexpense": 85000000,
        "investmentincomeinterest": 8000000,
        "othernonoperatingincomeexpense": 5000000,
        "incomelossfromcontinuingoperationsbeforeincometaxesminorityinterestandincomelossfromequitymethodinvestments": 1583000000,
        "incomelossfromequitymethodinvestmentsincludingimpairments": 93000000,
        "incomelossfromcontinuingoperationsbeforeincometaxesextraordinaryitemsnoncontrollinginterest": 12000000,
        "incometaxexpensebenefit": 2000000,
        "incomelossfromcontinuingoperationsincludingportionattributabletononcontrollinginterest": 1189000000,
        "incomelossfromdiscontinuedoperationsnetoftax": -3000000,
        "profitloss": -3000000,
        "netincomelossattributabletononcontrollinginterest": 1000000,
        "netincomeloss": -3000000,
        "incomelossfromcontinuingoperationsperbasicshare": 2.57,
        "incomelossfromdiscontinuedoperationsnetoftaxperbasicshare": -0.01,
        "earningspersharebasic": -0.01,
        "incomelossfromcontinuingoperationsperdilutedshare": 2.55,
        "incomelossfromdiscontinuedoperationsnetoftaxperdilutedshare": -0.01,
        "earningspersharediluted": -0.01,
        "othercomprehensiveincomeunrealizedgainlossonderivativesarisingduringperiodbeforetax": -68000000,
        "othercomprehensiveincomelossderivativesqualifyingashedgesbeforetax": 32000000,
        "othercomprehensiveincomelossreclassificationadjustmentfromaocionderivativesbeforetax": -5000000,
        "othercomprehensiveincomederivativesqualifyingashedgestaxportionattributabletoparent": -8000000,
        "othercomprehensiveincomelossderivativesqualifyingashedgesnetoftax": -23000000,
        "othercomprehensiveincomeunrealizedholdinggainlossonsecuritiesarisingduringperiodbeforetax": -1000000,
        "othercomprehensiveincomelossavailableforsalesecuritiesadjustmentnetoftax": -1000000,
        "othercomprehensiveincomelossamortizationadjustmentfromaocipensionandotherpostretirementbenefitplansfornetpriorservicecostcreditbeforetax": 1000000,
        "othercomprehensiveincomelossreclassificationadjustmentfromaocipensionandotherpostretirementbenefitplansfornetgainlossbeforetax": -6000000,
        "othercomprehensiveincomelosspensionandotherpostretirementbenefitplansadjustmentbeforetax": -7000000,
        "othercomprehensiveincomedefinedbenefitplanstaxportionattributabletoparent": -2000000,
        "othercomprehensiveincomelosspensionandotherpostretirementbenefitplansadjustmentnetoftax": -5000000,
        "othercomprehensiveincomeforeigncurrencytransactionandtranslationgainlossbeforereclassificationandtax": -55000000,
        "othercomprehensiveincomelossforeigncurrencytransactionandtranslationadjustmentnetoftax": -55000000,
        "othercomprehensiveincomelossnetoftax": -74000000,
        "comprehensiveincomenetoftaxincludingportionattributabletononcontrollinginterest": 1112000000,
        "comprehensiveincomenetoftaxattributabletononcontrollinginterest": 1000000,
        "comprehensiveincomenetoftax": 1111000000
    },
    {
        "date": "2015-06-29",
        "symbol": "LYB",
        "period": "Q2",
        "salesrevenuegoodsnet": 8931000000,
        "revenuefromrelatedparties": 214000000,
        "salesrevenuenet": -21000000,
        "costofgoodssold": 7047000000,
        "sellinggeneralandadministrativeexpense": 228000000,
        "researchanddevelopmentexpense": 25000000,
        "costsandexpenses": 7300000000,
        "operatingincomeloss": 1845000000,
        "interestexpense": 79000000,
        "investmentincomeinterest": 7000000,
        "othernonoperatingincomeexpense": 4000000,
        "incomelossfromcontinuingoperationsbeforeincometaxesminorityinterestandincomelossfromequitymethodinvestments": 1777000000,
        "incomelossfromequitymethodinvestmentsincludingimpairments": 90000000,
        "incomelossfromcontinuingoperationsbeforeincometaxesextraordinaryitemsnoncontrollinginterest": 1867000000,
        "incometaxexpensebenefit": 2000000,
        "incomelossfromcontinuingoperationsincludingportionattributabletononcontrollinginterest": 1326000000,
        "incomelossfromdiscontinuedoperationsnetoftax": 3000000,
        "profitloss": 3000000,
        "netincomelossattributabletononcontrollinginterest": -1000000,
        "netincomeloss": 73000000,
        "incomelossfromcontinuingoperationsperbasicshare": 2.81,
        "incomelossfromdiscontinuedoperationsnetoftaxperbasicshare": 0.01,
        "earningspersharebasic": 2.82,
        "incomelossfromcontinuingoperationsperdilutedshare": 2.81,
        "incomelossfromdiscontinuedoperationsnetoftaxperdilutedshare": 0.01,
        "earningspersharediluted": 0.01,
        "othercomprehensiveincomeunrealizedgainlossonderivativesarisingduringperiodbeforetax": 95000000,
        "othercomprehensiveincomelossderivativesqualifyingashedgesbeforetax": -70000000,
        "othercomprehensiveincomelossreclassificationadjustmentfromaocionderivativesbeforetax": -67000000,
        "othercomprehensiveincomederivativesqualifyingashedgestaxportionattributabletoparent": -1000000,
        "othercomprehensiveincomelossderivativesqualifyingashedgesnetoftax": 93000000,
        "othercomprehensiveincomelossamortizationadjustmentfromaocipensionandotherpostretirementbenefitplansfornetpriorservicecostcreditbeforetax": 1000000,
        "othercomprehensiveincomelossreclassificationadjustmentfromaocipensionandotherpostretirementbenefitplansfornetgainlossbeforetax": -7000000,
        "othercomprehensiveincomelosspensionandotherpostretirementbenefitplansadjustmentbeforetax": -8000000,
        "othercomprehensiveincomedefinedbenefitplanstaxportionattributabletoparent": -2000000,
        "othercomprehensiveincomelosspensionandotherpostretirementbenefitplansadjustmentnetoftax": -6000000,
        "othercomprehensiveincomeforeigncurrencytransactionandtranslationgainlossbeforereclassificationandtax": 160000000,
        "othercomprehensiveincomelossforeigncurrencytransactionandtranslationadjustmentnetoftax": 160000000,
        "othercomprehensiveincomelossnetoftax": 259000000,
        "comprehensiveincomenetoftaxincludingportionattributabletononcontrollinginterest": 1588000000,
        "comprehensiveincomenetoftaxattributabletononcontrollinginterest": -1000000,
        "comprehensiveincomenetoftax": 1589000000
    },
    {
        "date": "2015-03-30",
        "symbol": "LYB",
        "period": "Q1",
        "salesrevenuegoodsnet": 8001000000,
        "revenuefromrelatedparties": 184000000,
        "salesrevenuenet": -123000000,
        "costofgoodssold": 6379000000,
        "sellinggeneralandadministrativeexpense": 205000000,
        "researchanddevelopmentexpense": 26000000,
        "costsandexpenses": 6610000000,
        "operatingincomeloss": 1575000000,
        "interestexpense": 69000000,
        "investmentincomeinterest": 11000000,
        "othernonoperatingincomeexpense": -220000000,
        "incomelossfromcontinuingoperationsbeforeincometaxesminorityinterestandincomelossfromequitymethodinvestments": 1538000000,
        "incomelossfromequitymethodinvestmentsincludingimpairments": 69000000,
        "incomelossfromcontinuingoperationsbeforeincometaxesextraordinaryitemsnoncontrollinginterest": -214000000,
        "incometaxexpensebenefit": 2000000,
        "incomelossfromcontinuingoperationsincludingportionattributabletononcontrollinginterest": 1167000000,
        "incomelossfromdiscontinuedoperationsnetoftax": -3000000,
        "profitloss": -3000000,
        "netincomelossattributabletononcontrollinginterest": -2000000,
        "netincomeloss": -3000000,
        "incomelossfromcontinuingoperationsperbasicshare": 2.43,
        "incomelossfromdiscontinuedoperationsnetoftaxperbasicshare": -0.01,
        "earningspersharebasic": -0.01,
        "incomelossfromcontinuingoperationsperdilutedshare": 2.42,
        "incomelossfromdiscontinuedoperationsnetoftaxperdilutedshare": -0.01,
        "earningspersharediluted": -0.01,
        "othercomprehensiveincomeunrealizedgainlossonderivativesarisingduringperiodbeforetax": -15000000,
        "othercomprehensiveincomelossderivativesqualifyingashedgesbeforetax": 267000000,
        "othercomprehensiveincomelossreclassificationadjustmentfromaocionderivativesbeforetax": 220000000,
        "othercomprehensiveincomederivativesqualifyingashedgestaxportionattributabletoparent": 65000000,
        "othercomprehensiveincomelossderivativesqualifyingashedgesnetoftax": -33000000,
        "othercomprehensiveincomelossreclassificationadjustmentfromaocipensionandotherpostretirementbenefitplansfornetgainlossbeforetax": -6000000,
        "othercomprehensiveincomelosspensionandotherpostretirementbenefitplansadjustmentbeforetax": -6000000,
        "othercomprehensiveincomedefinedbenefitplanstaxportionattributabletoparent": -2000000,
        "othercomprehensiveincomelosspensionandotherpostretirementbenefitplansadjustmentnetoftax": -4000000,
        "othercomprehensiveincomeforeigncurrencytransactionandtranslationgainlossbeforereclassificationandtax": -511000000,
        "othercomprehensiveincomelossforeigncurrencytransactionandtranslationadjustmentnetoftax": -511000000,
        "othercomprehensiveincomelossnetoftax": -33000000,
        "comprehensiveincomenetoftaxincludingportionattributabletononcontrollinginterest": 624000000,
        "comprehensiveincomenetoftaxattributabletononcontrollinginterest": -2000000,
        "comprehensiveincomenetoftax": 626000000
    },
    {
        "date": "2014-09-29",
        "symbol": "LYB",
        "period": "Q3",
        "salesrevenuegoodsnet": 11784000000,
        "revenuefromrelatedparties": 282000000,
        "salesrevenuenet": -29000000,
        "costofgoodssold": 10118000000,
        "sellinggeneralandadministrativeexpense": 211000000,
        "researchanddevelopmentexpense": 31000000,
        "costsandexpenses": 10360000000,
        "operatingincomeloss": 1706000000,
        "interestexpense": 92000000,
        "investmentincomeinterest": 13000000,
        "othernonoperatingincomeexpense": 3000000,
        "incomelossfromcontinuingoperationsbeforeincometaxesminorityinterestandincomelossfromequitymethodinvestments": 1630000000,
        "incomelossfromequitymethodinvestmentsincludingimpairments": 64000000,
        "incomelossfromcontinuingoperationsbeforeincometaxesextraordinaryitemsnoncontrollinginterest": 2000000,
        "incomelossfromcontinuingoperationsincludingportionattributabletononcontrollinginterest": 3370000000,
        "incomelossfromdiscontinuedoperationsnetoftax": -3000000,
        "profitloss": -3000000,
        "netincomelossattributabletononcontrollinginterest": -1000000,
        "netincomeloss": -3000000,
        "incomelossfromcontinuingoperationsperbasicshare": 2.4499999999999997,
        "earningspersharebasic": 6.4,
        "incomelossfromcontinuingoperationsperdilutedshare": 2.45,
        "earningspersharediluted": 6.37,
        "othercomprehensiveincomelossamortizationadjustmentfromaocipensionandotherpostretirementbenefitplansfornetpriorservicecostcreditbeforetax": 1000000,
        "othercomprehensiveincomelossreclassificationadjustmentfromaocipensionandotherpostretirementbenefitplansfornetgainlossbeforetax": -1000000,
        "othercomprehensiveincomelosspensionandotherpostretirementbenefitplansadjustmentbeforetax": -2000000,
        "othercomprehensiveincomedefinedbenefitplanstaxportionattributabletoparent": -1000000,
        "othercomprehensiveincomeforeigncurrencytransactionandtranslationgainlossbeforereclassificationandtax": -554000000,
        "othercomprehensiveincomelossforeigncurrencytransactionandtranslationadjustmentnetoftax": -554000000,
        "othercomprehensiveincomelossnetoftax": 0,
        "comprehensiveincomenetoftaxincludingportionattributabletononcontrollinginterest": 704000000,
        "comprehensiveincomenetoftaxattributabletononcontrollinginterest": -1000000,
        "comprehensiveincomenetoftax": 705000000
    },
    {
        "date": "2014-06-29",
        "symbol": "LYB",
        "period": "Q2",
        "salesrevenuegoodsnet": 11924000000,
        "revenuefromrelatedparties": 193000000,
        "salesrevenuenet": 160000000,
        "costofgoodssold": 10255000000,
        "sellinggeneralandadministrativeexpense": 215000000,
        "researchanddevelopmentexpense": 34000000,
        "costsandexpenses": 10504000000,
        "operatingincomeloss": 1613000000,
        "interestexpense": 96000000,
        "investmentincomeinterest": 7000000,
        "othernonoperatingincomeexpense": 6000000,
        "incomelossfromcontinuingoperationsbeforeincometaxesminorityinterestandincomelossfromequitymethodinvestments": 1530000000,
        "incomelossfromequitymethodinvestmentsincludingimpairments": 68000000,
        "incomelossfromcontinuingoperationsbeforeincometaxesextraordinaryitemsnoncontrollinginterest": 3000000,
        "incometaxexpensebenefit": 0,
        "incomelossfromcontinuingoperationsincludingportionattributabletononcontrollinginterest": 3000000,
        "incomelossfromdiscontinuedoperationsnetoftax": 3000000,
        "profitloss": 3000000,
        "netincomelossattributabletononcontrollinginterest": -2000000,
        "netincomeloss": 3000000,
        "incomelossfromcontinuingoperationsperbasicshare": 2.23,
        "earningspersharebasic": -1.72,
        "incomelossfromcontinuingoperationsperdilutedshare": 2.21,
        "earningspersharediluted": -1.71,
        "othercomprehensiveincomeunrealizedgainlossonderivativesarisingduringperiodbeforetax": 0,
        "othercomprehensiveincomederivativesqualifyingashedgestaxportionattributabletoparent": 0,
        "othercomprehensiveincomelossderivativesqualifyingashedgesnetoftax": 0,
        "othercomprehensiveincomelossamortizationadjustmentfromaocipensionandotherpostretirementbenefitplansfornetpriorservicecostcreditbeforetax": 1000000,
        "othercomprehensiveincomelosspensionandotherpostretirementbenefitplansnetunamortizedgainlossarisingduringperiodbeforetax": 0,
        "othercomprehensiveincomelossreclassificationadjustmentfromaocipensionandotherpostretirementbenefitplansfornetgainlossbeforetax": -2000000,
        "othercomprehensiveincomelosspensionandotherpostretirementbenefitplansadjustmentbeforetax": -3000000,
        "othercomprehensiveincomedefinedbenefitplanstaxportionattributabletoparent": -1000000,
        "othercomprehensiveincomelosspensionandotherpostretirementbenefitplansadjustmentnetoftax": -2000000,
        "othercomprehensiveincomeforeigncurrencytransactionandtranslationgainlossbeforereclassificationandtax": -58000000,
        "othercomprehensiveincomelossforeigncurrencytransactionandtranslationadjustmentnetoftax": -58000000,
        "othercomprehensiveincomelossnetoftax": 14000000,
        "comprehensiveincomenetoftaxincludingportionattributabletononcontrollinginterest": 1121000000,
        "comprehensiveincomenetoftaxattributabletononcontrollinginterest": -2000000,
        "comprehensiveincomenetoftax": 1123000000
    },
    {
        "date": "2014-03-30",
        "symbol": "LYB",
        "period": "Q1",
        "salesrevenuegoodsnet": 10918000000,
        "revenuefromrelatedparties": 217000000,
        "salesrevenuenet": -219000000,
        "costofgoodssold": 9577000000,
        "sellinggeneralandadministrativeexpense": 186000000,
        "researchanddevelopmentexpense": 32000000,
        "costsandexpenses": 9795000000,
        "operatingincomeloss": 1340000000,
        "interestexpense": 92000000,
        "investmentincomeinterest": 6000000,
        "othernonoperatingincomeexpense": 11000000,
        "incomelossfromcontinuingoperationsbeforeincometaxesminorityinterestandincomelossfromequitymethodinvestments": 1265000000,
        "incomelossfromequitymethodinvestmentsincludingimpairments": 61000000,
        "incomelossfromcontinuingoperationsbeforeincometaxesextraordinaryitemsnoncontrollinginterest": 4000000,
        "incometaxexpensebenefit": 1000000,
        "incomelossfromcontinuingoperationsincludingportionattributabletononcontrollinginterest": 3000000,
        "incomelossfromdiscontinuedoperationsnetoftax": 1000000,
        "profitloss": 1000000,
        "netincomelossattributabletononcontrollinginterest": -1000000,
        "netincomeloss": 1000000,
        "incomelossfromcontinuingoperationsperbasicshare": 1.73,
        "earningspersharebasic": 1.73,
        "incomelossfromcontinuingoperationsperdilutedshare": 1.72,
        "earningspersharediluted": 1.72,
        "othercomprehensiveincomeunrealizedgainlossonderivativesarisingduringperiodbeforetax": -17000000,
        "othercomprehensiveincomederivativesqualifyingashedgestaxportionattributabletoparent": -4000000,
        "othercomprehensiveincomelossderivativesqualifyingashedgesnetoftax": -13000000,
        "othercomprehensiveincomelossamortizationadjustmentfromaocipensionandotherpostretirementbenefitplansfornetpriorservicecostcreditbeforetax": 1000000,
        "othercomprehensiveincomelosspensionandotherpostretirementbenefitplansnetunamortizedgainlossarisingduringperiodbeforetax": -16000000,
        "othercomprehensiveincomelossreclassificationadjustmentfromaocipensionandotherpostretirementbenefitplansfornetgainlossbeforetax": -3000000,
        "othercomprehensiveincomelosspensionandotherpostretirementbenefitplansadjustmentbeforetax": 12000000,
        "othercomprehensiveincomedefinedbenefitplanstaxportionattributabletoparent": 9000000,
        "othercomprehensiveincomelosspensionandotherpostretirementbenefitplansadjustmentnetoftax": 3000000,
        "othercomprehensiveincomeforeigncurrencytransactionandtranslationgainlossbeforereclassificationandtax": 18000000,
        "othercomprehensiveincomelossforeigncurrencytransactionandtranslationadjustmentnetoftax": 18000000,
        "othercomprehensiveincomelossnetoftax": -13000000,
        "comprehensiveincomenetoftaxincludingportionattributabletononcontrollinginterest": 946000000,
        "comprehensiveincomenetoftaxattributabletononcontrollinginterest": -1000000,
        "comprehensiveincomenetoftax": 947000000
    },
    {
        "date": "2013-09-29",
        "symbol": "LYB",
        "period": "Q3",
        "salesrevenuegoodsnet": 10871000000,
        "revenuefromrelatedparties": 281000000,
        "salesrevenuenet": -1510000000,
        "costofgoodssold": 9690000000,
        "sellinggeneralandadministrativeexpense": 220000000,
        "researchanddevelopmentexpense": 35000000,
        "costsandexpenses": 9945000000,
        "operatingincomeloss": 1000000,
        "interestexpense": 81000000,
        "investmentincomeinterest": 5000000,
        "othernonoperatingincomeexpense": -1000000,
        "incomelossfromcontinuingoperationsbeforeincometaxesminorityinterestandincomelossfromequitymethodinvestments": 1132000000,
        "incomelossfromequitymethodinvestments": 128000000,
        "incomelossfromcontinuingoperationsbeforeincometaxesextraordinaryitemsnoncontrollinginterest": 8000000,
        "incometaxexpensebenefit": 2000000,
        "incomelossfromcontinuingoperationsincludingportionattributabletononcontrollinginterest": 6000000,
        "incomelossfromdiscontinuedoperationsnetoftax": -3000000,
        "profitloss": -3000000,
        "netincomelossattributabletononcontrollinginterest": -2000000,
        "netincomeloss": -3000000,
        "incomelossfromcontinuingoperationsperbasicshare": 1.5199999999999998,
        "incomelossfromdiscontinuedoperationsnetoftaxperbasicshare": -0.01,
        "earningspersharebasic": -0.01,
        "incomelossfromcontinuingoperationsperdilutedshare": 1.5099999999999998,
        "incomelossfromdiscontinuedoperationsnetoftaxperdilutedshare": -0.01,
        "earningspersharediluted": -0.01,
        "othercomprehensiveincomelossamortizationadjustmentfromaocipensionandotherpostretirementbenefitplansfornetpriorservicecostcreditbeforetax": 1000000,
        "othercomprehensiveincomelossreclassificationadjustmentfromaocipensionandotherpostretirementbenefitplansfornetgainlossbeforetax": -7000000,
        "othercomprehensiveincomelosspensionandotherpostretirementbenefitplansadjustmentbeforetax": -8000000,
        "othercomprehensiveincomedefinedbenefitplanstaxportionattributabletoparent": -2000000,
        "othercomprehensiveincomelosspensionandotherpostretirementbenefitplansadjustmentnetoftax": -6000000,
        "othercomprehensiveincomeforeigncurrencytransactionandtranslationgainlossbeforereclassificationandtax": 198000000,
        "othercomprehensiveincomelossforeigncurrencytransactionandtranslationadjustmentnetoftax": 200000000,
        "othercomprehensiveincomelossnetoftax": 195000000,
        "comprehensiveincomenetoftaxincludingportionattributabletononcontrollinginterest": 1057000000,
        "comprehensiveincomenetoftaxattributabletononcontrollinginterest": -2000000,
        "comprehensiveincomenetoftax": 1059000000
    },
    {
        "date": "2013-06-29",
        "symbol": "LYB",
        "period": "Q2",
        "salesrevenuegoodsnet": 10830000000,
        "revenuefromrelatedparties": 273000000,
        "salesrevenuenet": -1282000000,
        "costofgoodssold": 9496000000,
        "sellinggeneralandadministrativeexpense": 208000000,
        "researchanddevelopmentexpense": 35000000,
        "costsandexpenses": 9739000000,
        "operatingincomeloss": -5000000,
        "interestexpense": 70000000,
        "investmentincomeinterest": 5000000,
        "othernonoperatingincomeexpense": -9000000,
        "incomelossfromcontinuingoperationsbeforeincometaxesminorityinterestandincomelossfromequitymethodinvestments": 1290000000,
        "incomelossfromequitymethodinvestments": 4000000,
        "incomelossfromcontinuingoperationsbeforeincometaxesextraordinaryitemsnoncontrollinginterest": 8000000,
        "incometaxexpensebenefit": 3000000,
        "incomelossfromcontinuingoperationsincludingportionattributabletononcontrollinginterest": 5000000,
        "incomelossfromdiscontinuedoperationsnetoftax": 4000000,
        "profitloss": 4000000,
        "netincomelossattributabletononcontrollinginterest": -2000000,
        "netincomeloss": 4000000,
        "incomelossfromcontinuingoperationsperbasicshare": 1.61,
        "incomelossfromdiscontinuedoperationsnetoftaxperbasicshare": 0.01,
        "earningspersharebasic": 0.01,
        "incomelossfromcontinuingoperationsperdilutedshare": 1.6,
        "incomelossfromdiscontinuedoperationsnetoftaxperdilutedshare": 0.01,
        "earningspersharediluted": 0.01,
        "othercomprehensiveincomelossamortizationadjustmentfromaocipensionandotherpostretirementbenefitplansfornetpriorservicecostcreditbeforetax": 1000000,
        "othercomprehensiveincomelossreclassificationadjustmentfromaocipensionandotherpostretirementbenefitplansfornetgainlossbeforetax": -7000000,
        "othercomprehensiveincomelosspensionandotherpostretirementbenefitplansadjustmentbeforetax": -8000000,
        "othercomprehensiveincomedefinedbenefitplanstaxportionattributabletoparent": -3000000,
        "othercomprehensiveincomelosspensionandotherpostretirementbenefitplansadjustmentnetoftax": -5000000,
        "othercomprehensiveincomeforeigncurrencytransactionandtranslationgainlossbeforereclassificationandtax": 89000000,
        "othercomprehensiveincomelossforeigncurrencytransactionandtranslationadjustmentnetoftax": 89000000,
        "othercomprehensiveincomelossnetoftax": 94000000,
        "comprehensiveincomenetoftaxincludingportionattributabletononcontrollinginterest": 1021000000,
        "comprehensiveincomenetoftaxattributabletononcontrollinginterest": -2000000,
        "comprehensiveincomenetoftax": 1023000000
    },
    {
        "date": "2013-03-30",
        "symbol": "LYB",
        "period": "Q1",
        "salesrevenuegoodsnet": 10414000000,
        "revenuefromrelatedparties": 255000000,
        "salesrevenuenet": -1259000000,
        "costofgoodssold": 9153000000,
        "sellinggeneralandadministrativeexpense": 213000000,
        "researchanddevelopmentexpense": 36000000,
        "costsandexpenses": 9402000000,
        "operatingincomeloss": -3000000,
        "interestexpense": 71000000,
        "investmentincomeinterest": 2000000,
        "othernonoperatingincomeexpense": 6000000,
        "incomelossfromcontinuingoperationsbeforeincometaxesminorityinterestandincomelossfromequitymethodinvestments": 1204000000,
        "incomelossfromequitymethodinvestments": 1000000,
        "incomelossfromcontinuingoperationsbeforeincometaxesextraordinaryitemsnoncontrollinginterest": 8000000,
        "incometaxexpensebenefit": 3000000,
        "incomelossfromcontinuingoperationsincludingportionattributabletononcontrollinginterest": 5000000,
        "incomelossfromdiscontinuedoperationsnetoftax": -6000000,
        "profitloss": -6000000,
        "netincomelossattributabletononcontrollinginterest": -1000000,
        "netincomeloss": -6000000,
        "incomelossfromcontinuingoperationsperbasicshare": 1.57,
        "incomelossfromdiscontinuedoperationsnetoftaxperbasicshare": -0.01,
        "earningspersharebasic": -0.01,
        "incomelossfromcontinuingoperationsperdilutedshare": 1.56,
        "incomelossfromdiscontinuedoperationsnetoftaxperdilutedshare": -0.01,
        "earningspersharediluted": -0.01,
        "othercomprehensiveincomedefinedbenefitplannetpriorservicecostcreditarisingduringperiodbeforetax": 2000000,
        "othercomprehensiveincomelossamortizationadjustmentfromaocipensionandotherpostretirementbenefitplansfornetpriorservicecostcreditbeforetax": 1000000,
        "othercomprehensiveincomelossreclassificationadjustmentfromaocipensionandotherpostretirementbenefitplansfornetgainlossbeforetax": -7000000,
        "othercomprehensiveincomelosspensionandotherpostretirementbenefitplansadjustmentbeforetax": -6000000,
        "othercomprehensiveincomedefinedbenefitplanstaxportionattributabletoparent": -3000000,
        "othercomprehensiveincomelosspensionandotherpostretirementbenefitplansadjustmentnetoftax": -3000000,
        "othercomprehensiveincomeforeigncurrencytransactionandtranslationgainlossbeforereclassificationandtax": -193000000,
        "othercomprehensiveincomeforeigncurrencytranslationadjustmenttaxportionattributabletoparent": -2000000,
        "othercomprehensiveincomelossforeigncurrencytransactionandtranslationadjustmentnetoftax": -191000000,
        "othercomprehensiveincomelossnetoftax": -191000000,
        "comprehensiveincomenetoftaxincludingportionattributabletononcontrollinginterest": 712000000,
        "comprehensiveincomenetoftaxattributabletononcontrollinginterest": -1000000,
        "comprehensiveincomenetoftax": 713000000
    },
    {
        "date": "2012-09-29",
        "symbol": "LYB",
        "period": "Q3",
        "salesrevenuegoodsnet": 11009000000,
        "revenuefromrelatedparties": 264000000,
        "salesrevenuenet": -1425000000,
        "costofgoodssold": 9670000000,
        "sellinggeneralandadministrativeexpense": 236000000,
        "researchanddevelopmentexpense": 39000000,
        "costsandexpenses": 9945000000,
        "operatingincomeloss": 6000000,
        "interestexpense": 71000000,
        "investmentincomeinterest": 4000000,
        "othernonoperatingincomeexpense": -7000000,
        "incomelossfromcontinuingoperationsbeforeincometaxesminorityinterestandincomelossfromequitymethodinvestments": 1254000000,
        "incomelossfromequitymethodinvestments": 2000000,
        "incomelossfromcontinuingoperationsbeforeincometaxesextraordinaryitemsnoncontrollinginterest": 1286000000,
        "incometaxexpensebenefit": 435000000,
        "incomelossfromcontinuingoperationsincludingportionattributabletononcontrollinginterest": 851000000,
        "incomelossfromdiscontinuedoperationsnetoftax": -7000000,
        "profitloss": -7000000,
        "netincomelossattributabletononcontrollinginterest": -2000000,
        "netincomeloss": -7000000,
        "incomelossfromcontinuingoperationsperbasicshare": 1.48,
        "incomelossfromdiscontinuedoperationsnetoftaxperbasicshare": -0.01,
        "earningspersharebasic": -0.01,
        "incomelossfromcontinuingoperationsperdilutedshare": 1.47,
        "incomelossfromdiscontinuedoperationsnetoftaxperdilutedshare": -0.01,
        "earningspersharediluted": -0.01,
        "othercomprehensiveincomedefinedbenefitplannetpriorservicecostcreditarisingduringperiodbeforetax": -2000000,
        "othercomprehensiveincomeamortizationofdefinedbenefitplannetpriorservicecostcreditrecognizedinnetperiodicbenefitcostbeforetax": 8000000,
        "othercomprehensiveincomedefinedbenefitplanstax": 2000000,
        "othercomprehensiveincomedefinedbenefitplansadjustmentnetoftaxperiodincreasedecrease": 4000000,
        "othercomprehensiveincomeforeigncurrencytransactionandtranslationgainlossbeforereclassificationandtax": 184000000,
        "othercomprehensiveincomeforeigncurrencytransactionandtranslationadjustmentnetoftaxperiodincreasedecrease": 184000000,
        "othercomprehensiveincomelossnetoftaxperiodincreasedecrease": 188000000,
        "comprehensiveincomenetoftaxincludingportionattributabletononcontrollinginterest": 1032000000,
        "comprehensiveincomenetoftaxattributabletononcontrollinginterest": -2000000,
        "comprehensiveincomenetoftax": 1034000000
    },
    {
        "date": "2012-06-29",
        "symbol": "LYB",
        "period": "Q2",
        "salesrevenuegoodsnet": 10860000000,
        "revenuefromrelatedparties": 243000000,
        "salesrevenuenet": -9248000000,
        "costofgoodssold": 20997000000,
        "sellinggeneralandadministrativeexpense": 420000000,
        "researchanddevelopmentexpense": 71000000,
        "costsandexpenses": 9660000000,
        "operatingincomeloss": -677000000,
        "interestexpense": 411000000,
        "investmentincomeinterest": 2000000,
        "othernonoperatingincomeexpense": 8000000,
        "incomelossfromcontinuingoperationsbeforeincometaxesminorityinterestandincomelossfromequitymethodinvestments": 1042000000,
        "incomelossfromequitymethodinvestments": 1326000000,
        "reorganizationitems": 1000000,
        "incomelossfromcontinuingoperationsbeforeincometaxesextraordinaryitemsnoncontrollinginterest": 1068000000,
        "incometaxexpensebenefit": 588000000,
        "profitloss": 1262000000,
        "netincomelossattributabletononcontrollinginterest": -2000000,
        "netincomeloss": 1262000000,
        "earningspersharebasic": -1.03,
        "earningspersharediluted": -1.03,
        "othercomprehensiveincomedefinedbenefitplannetpriorservicecostcreditarisingduringperiodbeforetax": 1000000,
        "othercomprehensiveincomeamortizationofdefinedbenefitplannetpriorservicecostcreditrecognizedinnetperiodicbenefitcostbeforetax": 6000000,
        "othercomprehensiveincomedefinedbenefitplanstax": 2000000,
        "othercomprehensiveincomedefinedbenefitplansadjustmentnetoftaxperiodincreasedecrease": 5000000,
        "othercomprehensiveincomeforeigncurrencytransactionandtranslationgainlossbeforereclassificationandtax": -376000000,
        "othercomprehensiveincomeforeigncurrencytranslationadjustmenttax": 0,
        "othercomprehensiveincomeforeigncurrencytransactionandtranslationadjustmentnetoftaxperiodincreasedecrease": -376000000,
        "othercomprehensiveincomelossnetoftaxperiodincreasedecrease": -371000000,
        "comprehensiveincomenetoftaxincludingportionattributabletononcontrollinginterest": 397000000,
        "comprehensiveincomenetoftaxattributabletononcontrollinginterest": -2000000,
        "comprehensiveincomenetoftax": 2675000000
    },
    {
        "date": "2012-03-30",
        "symbol": "LYB",
        "period": "Q1",
        "salesrevenuegoodsnet": 11592000000,
        "revenuefromrelatedparties": 287000000,
        "salesrevenuenet": 6422000000,
        "costofgoodssold": -904000000,
        "sellinggeneralandadministrativeexpense": 4000000,
        "researchanddevelopmentexpense": 5000000,
        "costsandexpenses": 10933000000,
        "operatingincomeloss": 679000000,
        "interestexpense": 99000000,
        "investmentincomeinterest": 4000000,
        "othernonoperatingincomeexpense": -1000000,
        "incomelossfromcontinuingoperationsbeforeincometaxesminorityinterestandincomelossfromequitymethodinvestments": 850000000,
        "incomelossfromequitymethodinvestments": -1257000000,
        "reorganizationitems": -5000000,
        "incomelossfromcontinuingoperationsbeforeincometaxesextraordinaryitemsnoncontrollinginterest": 901000000,
        "incometaxexpensebenefit": 19000000,
        "profitloss": -1257000000,
        "netincomelossattributabletononcontrollinginterest": -1000000,
        "netincomeloss": -1257000000,
        "earningspersharebasic": 1.04,
        "earningspersharediluted": 1.04,
        "othercomprehensiveincomedefinedbenefitplannetpriorservicecostcreditarisingduringperiodbeforetax": 1000000,
        "othercomprehensiveincomeamortizationofdefinedbenefitplannetpriorservicecostcreditrecognizedinnetperiodicbenefitcostbeforetax": 6000000,
        "othercomprehensiveincomedefinedbenefitplanstax": 2000000,
        "othercomprehensiveincomedefinedbenefitplansadjustmentnetoftaxperiodincreasedecrease": 5000000,
        "othercomprehensiveincomeforeigncurrencytransactionandtranslationgainlossbeforereclassificationandtax": 203000000,
        "othercomprehensiveincomeforeigncurrencytranslationadjustmenttax": -1000000,
        "othercomprehensiveincomeforeigncurrencytransactionandtranslationadjustmentnetoftaxperiodincreasedecrease": 204000000,
        "othercomprehensiveincomelossnetoftaxperiodincreasedecrease": 209000000,
        "comprehensiveincomenetoftaxincludingportionattributabletononcontrollinginterest": 808000000,
        "comprehensiveincomenetoftaxattributabletononcontrollinginterest": -1000000,
        "comprehensiveincomenetoftax": -1467000000
    }
]