[
    {
        "date": "2024-10-30",
        "symbol": "MDB",
        "period": "Q3",
        "revenuefromcontractwithcustomerexcludingassessedtax": 529375000,
        "costofgoodsandservicessold": 135331000,
        "grossprofit": 394044000,
        "sellingandmarketingexpense": 217954000,
        "researchanddevelopmentexpense": 151410000,
        "generalandadministrativeexpense": 52556000,
        "operatingexpenses": 421920000,
        "operatingincomeloss": -27876000,
        "investmentincomenet": 23869000,
        "interestexpense": 2278000,
        "othernonoperatingincomeexpense": -824000,
        "incomelossfromcontinuingoperationsbeforeincometaxesextraordinaryitemsnoncontrollinginterest": -7109000,
        "incometaxexpensebenefit": 2700000,
        "netincomeloss": -9776000,
        "earningspersharebasic": -0.13,
        "weightedaveragenumberofsharesoutstandingbasic": 74020593,
        "othercomprehensiveincomeavailableforsalesecuritiesadjustmentnetoftaxportionattributabletoparent": 1734000,
        "othercomprehensiveincomeforeigncurrencytransactionandtranslationadjustmentnetoftaxportionattributabletoparent": -29000,
        "othercomprehensiveincomelossnetoftaxportionattributabletoparent": 1705000,
        "comprehensiveincomenetoftax": -8071000
    },
    {
        "date": "2024-07-30",
        "symbol": "MDB",
        "period": "Q2",
        "revenuefromcontractwithcustomerexcludingassessedtax": 478109000,
        "costofgoodsandservicessold": 128253000,
        "grossprofit": 349856000,
        "sellingandmarketingexpense": 221539000,
        "researchanddevelopmentexpense": 148967000,
        "generalandadministrativeexpense": 50790000,
        "operatingexpenses": 421296000,
        "operatingincomeloss": -71440000,
        "investmentincomenet": 24260000,
        "interestexpense": 2282000,
        "othernonoperatingincomeexpense": -1170000,
        "incomelossfromcontinuingoperationsbeforeincometaxesextraordinaryitemsnoncontrollinginterest": -50632000,
        "incometaxexpensebenefit": 3900000,
        "netincomeloss": -54529000,
        "earningspersharebasic": -0.74,
        "weightedaveragenumberofsharesoutstandingbasic": 73543427,
        "othercomprehensiveincomeavailableforsalesecuritiesadjustmentnetoftaxportionattributabletoparent": 6989000,
        "othercomprehensiveincomeforeigncurrencytransactionandtranslationadjustmentnetoftaxportionattributabletoparent": -85000,
        "othercomprehensiveincomelossnetoftaxportionattributabletoparent": 6904000,
        "comprehensiveincomenetoftax": -47625000
    },
    {
        "date": "2024-04-29",
        "symbol": "MDB",
        "period": "Q1",
        "revenuefromcontractwithcustomerexcludingassessedtax": 436896000,
        "costofgoodsandservicessold": 100762000,
        "grossprofit": 327864000,
        "sellingandmarketingexpense": 219444000,
        "researchanddevelopmentexpense": 146060000,
        "generalandadministrativeexpense": 60546000,
        "operatingexpenses": 426050000,
        "operatingincomeloss": -98186000,
        "investmentincomenet": 23111000,
        "interestexpense": 1897000,
        "othernonoperatingincomeexpense": -1040000,
        "incomelossfromcontinuingoperationsbeforeincometaxesextraordinaryitemsnoncontrollinginterest": -78012000,
        "incometaxexpensebenefit": 2581000,
        "netincomeloss": -80593000,
        "earningspersharebasic": -1.1,
        "weightedaveragenumberofsharesoutstandingbasic": 72990141,
        "othercomprehensiveincomeavailableforsalesecuritiesadjustmentnetoftaxportionattributabletoparent": -9541000,
        "othercomprehensiveincomeforeigncurrencytransactionandtranslationadjustmentnetoftaxportionattributabletoparent": -1007000,
        "othercomprehensiveincomelossnetoftaxportionattributabletoparent": -10548000,
        "comprehensiveincomenetoftax": -91141000
    },
    {
        "date": "2024-01-30",
        "symbol": "MDB",
        "period": "Q4",
        "revenuefromcontractwithcustomerexcludingassessedtax": 949953000,
        "costofgoodsandservicessold": 54493000,
        "grossprofit": 343361000,
        "sellingandmarketingexpense": 211116000,
        "researchanddevelopmentexpense": 145553000,
        "generalandadministrativeexpense": 57658000,
        "operatingexpenses": 414327000,
        "operatingincomeloss": -70966000,
        "investmentincomenet": 22373000,
        "interestexpense": 2419000,
        "othernonoperatingincomeexpense": -1074000,
        "incomelossfromcontinuingoperationsbeforeincometaxesextraordinaryitemsnoncontrollinginterest": -52086000,
        "incometaxexpensebenefit": 3374000,
        "netincomeloss": -55460000,
        "earningspersharebasic": -0.7699999999999998,
        "weightedaveragenumberofsharesoutstandingbasic": 71248982,
        "othercomprehensiveincomeavailableforsalesecuritiesadjustmentnetoftaxportionattributabletoparent": 12262000,
        "othercomprehensiveincomeforeigncurrencytransactionandtranslationadjustmentnetoftaxportionattributabletoparent": 1705000,
        "othercomprehensiveincomelossnetoftaxportionattributabletoparent": 13967000,
        "comprehensiveincomenetoftax": -41493000
    },
    {
        "date": "2023-10-30",
        "symbol": "MDB",
        "period": "Q3",
        "revenuefromcontractwithcustomerexcludingassessedtax": 418339000,
        "costofgoodsandservicessold": 87954000,
        "grossprofit": 325880000,
        "sellingandmarketingexpense": 192977000,
        "researchanddevelopmentexpense": 128150000,
        "generalandadministrativeexpense": 49969000,
        "operatingexpenses": 371096000,
        "operatingincomeloss": -45216000,
        "investmentincomenet": 20358000,
        "interestexpense": 1964000,
        "othernonoperatingincomeexpense": 1160000,
        "incomelossfromcontinuingoperationsbeforeincometaxesextraordinaryitemsnoncontrollinginterest": -25662000,
        "incometaxexpensebenefit": 3635000,
        "netincomeloss": -29297000,
        "earningspersharebasic": -0.41,
        "weightedaveragenumberofsharesoutstandingbasic": 71560023,
        "othercomprehensiveincomeavailableforsalesecuritiesadjustmentnetoftaxportionattributabletoparent": -2447000,
        "othercomprehensiveincomeforeigncurrencytransactionandtranslationadjustmentnetoftaxportionattributabletoparent": -2933000,
        "othercomprehensiveincomelossnetoftaxportionattributabletoparent": -5380000,
        "comprehensiveincomenetoftax": -34677000
    },
    {
        "date": "2023-07-30",
        "symbol": "MDB",
        "period": "Q2",
        "revenuefromcontractwithcustomerexcludingassessedtax": 142076000,
        "costofgoodsandservicessold": 105337000,
        "grossprofit": 318454000,
        "sellingandmarketingexpense": 195934000,
        "researchanddevelopmentexpense": 125420000,
        "generalandadministrativeexpense": 46103000,
        "operatingexpenses": 367457000,
        "operatingincomeloss": -49003000,
        "investmentincomenet": 19470000,
        "interestexpense": 2611000,
        "othernonoperatingincomeexpense": -1865000,
        "incomelossfromcontinuingoperationsbeforeincometaxesextraordinaryitemsnoncontrollinginterest": -34009000,
        "incometaxexpensebenefit": 3588000,
        "netincomeloss": -37597000,
        "earningspersharebasic": -0.53,
        "weightedaveragenumberofsharesoutstandingbasic": 70874117,
        "othercomprehensiveincomeavailableforsalesecuritiesadjustmentnetoftaxportionattributabletoparent": -5981000,
        "othercomprehensiveincomeforeigncurrencytransactionandtranslationadjustmentnetoftaxportionattributabletoparent": 1105000,
        "othercomprehensiveincomelossnetoftaxportionattributabletoparent": -4876000,
        "comprehensiveincomenetoftax": -42473000
    },
    {
        "date": "2023-04-29",
        "symbol": "MDB",
        "period": "Q1",
        "revenuefromcontractwithcustomerexcludingassessedtax": 116958000,
        "costofgoodsandservicessold": 97449000,
        "grossprofit": 270831000,
        "sellingandmarketingexpense": 182733000,
        "researchanddevelopmentexpense": 116817000,
        "generalandadministrativeexpense": 39828000,
        "operatingexpenses": 339378000,
        "operatingincomeloss": -68547000,
        "investmentincomenet": 18037000,
        "interestexpense": 2393000,
        "othernonoperatingincomeexpense": 1144000,
        "incomelossfromcontinuingoperationsbeforeincometaxesextraordinaryitemsnoncontrollinginterest": -51759000,
        "incometaxexpensebenefit": 2487000,
        "netincomeloss": -54246000,
        "earningspersharebasic": -0.77,
        "weightedaveragenumberofsharesoutstandingbasic": 70177499,
        "othercomprehensiveincomeavailableforsalesecuritiesadjustmentnetoftaxportionattributabletoparent": 818000,
        "othercomprehensiveincomeforeigncurrencytransactionandtranslationadjustmentnetoftaxportionattributabletoparent": 921000,
        "othercomprehensiveincomelossnetoftaxportionattributabletoparent": 1739000,
        "comprehensiveincomenetoftax": -52507000
    },
    {
        "date": "2023-01-30",
        "symbol": "MDB",
        "period": "Q4",
        "revenuefromcontractwithcustomerexcludingassessedtax": 114642000,
        "costofgoodsandservicessold": 89160000,
        "grossprofit": 272152000,
        "sellingandmarketingexpense": 189916000,
        "researchanddevelopmentexpense": 110891000,
        "generalandadministrativeexpense": 44294000,
        "operatingexpenses": 345101000,
        "operatingincomeloss": -72949000,
        "investmentincomenet": 15712000,
        "interestexpense": 2418000,
        "othernonoperatingincomeexpense": -1829000,
        "incomelossfromcontinuingoperationsbeforeincometaxesextraordinaryitemsnoncontrollinginterest": -61484000,
        "incometaxexpensebenefit": 2914000,
        "netincomeloss": -64398000,
        "earningspersharebasic": -0.9200000000000006,
        "weightedaveragenumberofsharesoutstandingbasic": -136329512,
        "othercomprehensiveincomeavailableforsalesecuritiesadjustmentnetoftaxportionattributabletoparent": 1031000,
        "othercomprehensiveincomeforeigncurrencytransactionandtranslationadjustmentnetoftaxportionattributabletoparent": 1855000,
        "othercomprehensiveincomelossnetoftaxportionattributabletoparent": 2886000,
        "comprehensiveincomenetoftax": -61512000
    },
    {
        "date": "2022-10-30",
        "symbol": "MDB",
        "period": "Q3",
        "revenuefromcontractwithcustomerexcludingassessedtax": 109378000,
        "costofgoodsandservicessold": 93652000,
        "grossprofit": 239969000,
        "sellingandmarketingexpense": 177419000,
        "researchanddevelopmentexpense": 106392000,
        "generalandadministrativeexpense": 39081000,
        "operatingexpenses": 322892000,
        "operatingincomeloss": -82923000,
        "investmentincomenet": 6932000,
        "interestexpense": 2497000,
        "othernonoperatingincomeexpense": -1318000,
        "incomelossfromcontinuingoperationsbeforeincometaxesextraordinaryitemsnoncontrollinginterest": -79806000,
        "incometaxexpensebenefit": 5035000,
        "netincomeloss": -84841000,
        "earningspersharebasic": -1.23,
        "weightedaveragenumberofsharesoutstandingbasic": 68916813,
        "othercomprehensiveincomeavailableforsalesecuritiesadjustmentnetoftaxportionattributabletoparent": 1139000,
        "othercomprehensiveincomeforeigncurrencytransactionandtranslationadjustmentnetoftaxportionattributabletoparent": -736000,
        "othercomprehensiveincomelossnetoftaxportionattributabletoparent": 403000,
        "comprehensiveincomenetoftax": -84438000
    },
    {
        "date": "2022-07-30",
        "symbol": "MDB",
        "period": "Q2",
        "revenuefromcontractwithcustomerexcludingassessedtax": 98253000,
        "costofgoodsandservicessold": 88277000,
        "grossprofit": 215383000,
        "sellingandmarketingexpense": 181598000,
        "researchanddevelopmentexpense": 108037000,
        "generalandadministrativeexpense": 40591000,
        "operatingexpenses": 330226000,
        "operatingincomeloss": -114843000,
        "investmentincomenet": 1680000,
        "interestexpense": 2429000,
        "othernonoperatingincomeexpense": -224000,
        "incomelossfromcontinuingoperationsbeforeincometaxesextraordinaryitemsnoncontrollinginterest": -115816000,
        "incometaxexpensebenefit": 3049000,
        "netincomeloss": -118865000,
        "earningspersharebasic": -1.74,
        "weightedaveragenumberofsharesoutstandingbasic": 68334464,
        "othercomprehensiveincomeavailableforsalesecuritiesadjustmentnetoftaxportionattributabletoparent": 1163000,
        "othercomprehensiveincomeforeigncurrencytransactionandtranslationadjustmentnetoftaxportionattributabletoparent": -678000,
        "othercomprehensiveincomelossnetoftaxportionattributabletoparent": 485000,
        "comprehensiveincomenetoftax": -118380000
    },
    {
        "date": "2022-04-29",
        "symbol": "MDB",
        "period": "Q1",
        "revenuefromcontractwithcustomerexcludingassessedtax": 104586000,
        "costofgoodsandservicessold": 78215000,
        "grossprofit": 207232000,
        "sellingandmarketingexpense": 150268000,
        "researchanddevelopmentexpense": 96372000,
        "generalandadministrativeexpense": 36532000,
        "operatingexpenses": 283172000,
        "operatingincomeloss": -75940000,
        "investmentincomenet": 624000,
        "interestexpense": 2453000,
        "othernonoperatingincomeexpense": 1621000,
        "incomelossfromcontinuingoperationsbeforeincometaxesextraordinaryitemsnoncontrollinginterest": -76148000,
        "incometaxexpensebenefit": 1146000,
        "netincomeloss": -77294000,
        "earningspersharebasic": -1.14,
        "weightedaveragenumberofsharesoutstandingbasic": 67706502,
        "othercomprehensiveincomeavailableforsalesecuritiesadjustmentnetoftaxportionattributabletoparent": -2364000,
        "othercomprehensiveincomeforeigncurrencytransactionandtranslationadjustmentnetoftaxportionattributabletoparent": 613000,
        "othercomprehensiveincomelossnetoftaxportionattributabletoparent": -1751000,
        "comprehensiveincomenetoftax": -79045000
    },
    {
        "date": "2022-01-30",
        "symbol": "MDB",
        "period": "Q4",
        "revenuefromcontractwithcustomerexcludingassessedtax": 102327000,
        "costofgoodsandservicessold": 75798000,
        "grossprofit": 190696000,
        "sellingandmarketingexpense": 144263000,
        "researchanddevelopmentexpense": 89417000,
        "generalandadministrativeexpense": 35635000,
        "operatingexpenses": 269315000,
        "operatingincomeloss": -78619000,
        "investmentincomenet": 392000,
        "interestexpense": 2505000,
        "othernonoperatingincomeexpense": -2150000,
        "incomelossfromcontinuingoperationsbeforeincometaxesextraordinaryitemsnoncontrollinginterest": -82882000,
        "incometaxexpensebenefit": 1566000,
        "netincomeloss": -84448000,
        "earningspersharebasicanddiluted": -1.2700000000000005,
        "weightedaveragenumberofshareoutstandingbasicanddiluted": -65250041,
        "othercomprehensiveincomeavailableforsalesecuritiesadjustmentnetoftaxportionattributabletoparent": -3114000,
        "othercomprehensiveincomeforeigncurrencytransactionandtranslationadjustmentnetoftaxportionattributabletoparent": 1478000,
        "othercomprehensiveincomelossnetoftaxportionattributabletoparent": -1636000,
        "comprehensiveincomenetoftax": -86084000
    },
    {
        "date": "2021-10-30",
        "symbol": "MDB",
        "period": "Q3",
        "revenuefromcontractwithcustomerexcludingassessedtax": 86748000,
        "costofgoodsandservicessold": 68464000,
        "grossprofit": 158429000,
        "sellingandmarketingexpense": 120360000,
        "researchanddevelopmentexpense": 82256000,
        "generalandadministrativeexpense": 32581000,
        "operatingexpenses": 235197000,
        "operatingincomeloss": -76768000,
        "investmentincomenet": 204000,
        "interestexpense": 2597000,
        "othernonoperatingincomeexpense": 117000,
        "incomelossfromcontinuingoperationsbeforeincometaxesextraordinaryitemsnoncontrollinginterest": -79044000,
        "incometaxexpensebenefit": 2249000,
        "netincomeloss": -81293000,
        "earningspersharebasicanddiluted": -1.22,
        "weightedaveragenumberofshareoutstandingbasicanddiluted": 66386379,
        "othercomprehensiveincomeavailableforsalesecuritiesadjustmentnetoftaxportionattributabletoparent": -298000,
        "othercomprehensiveincomeforeigncurrencytransactionandtranslationadjustmentnetoftaxportionattributabletoparent": -714000,
        "othercomprehensiveincomelossnetoftaxportionattributabletoparent": -1012000,
        "comprehensiveincomenetoftax": -82305000
    },
    {
        "date": "2021-07-30",
        "symbol": "MDB",
        "period": "Q2",
        "revenuefromcontractwithcustomerexcludingassessedtax": 79625000,
        "costofgoodsandservicessold": 60702000,
        "grossprofit": 138045000,
        "sellingandmarketingexpense": 109377000,
        "researchanddevelopmentexpense": 72396000,
        "generalandadministrativeexpense": 28803000,
        "operatingexpenses": 210576000,
        "operatingincomeloss": -72531000,
        "investmentincomenet": 157000,
        "interestexpense": 2556000,
        "othernonoperatingincomeexpense": -665000,
        "incomelossfromcontinuingoperationsbeforeincometaxesextraordinaryitemsnoncontrollinginterest": -75595000,
        "incometaxexpensebenefit": 1538000,
        "netincomeloss": -77133000,
        "earningspersharebasicanddiluted": -1.22,
        "weightedaveragenumberofshareoutstandingbasicanddiluted": 63426694,
        "othercomprehensiveincomeavailableforsalesecuritiesadjustmentnetoftaxportionattributabletoparent": -86000,
        "othercomprehensiveincomeforeigncurrencytransactionandtranslationadjustmentnetoftaxportionattributabletoparent": 566000,
        "othercomprehensiveincomelossnetoftaxportionattributabletoparent": 480000,
        "comprehensiveincomenetoftax": -76653000
    },
    {
        "date": "2021-04-30",
        "symbol": "MDB",
        "period": "Q1",
        "revenuefromcontractwithcustomerexcludingassessedtax": 174570000,
        "costofgoodsandservicessold": 45402000,
        "grossprofit": 127120000,
        "sellingandmarketingexpense": 97890000,
        "researchanddevelopmentexpense": 64751000,
        "generalandadministrativeexpense": 25925000,
        "operatingexpenses": 188566000,
        "operatingincomeloss": -61446000,
        "investmentincomenet": 173000,
        "interestexpense": 3658000,
        "othernonoperatingincomeexpense": -437000,
        "incomelossfromcontinuingoperationsbeforeincometaxesextraordinaryitemsnoncontrollinginterest": -65368000,
        "incometaxexpensebenefit": -1376000,
        "netincomeloss": -63992000,
        "earningspersharebasicanddiluted": -1.04,
        "weightedaveragenumberofshareoutstandingbasicanddiluted": 61361670,
        "othercomprehensiveincomeavailableforsalesecuritiesadjustmentnetoftaxportionattributabletoparent": 34000,
        "othercomprehensiveincomeforeigncurrencytransactionandtranslationadjustmentnetoftaxportionattributabletoparent": -90000,
        "othercomprehensiveincomelossnetoftaxportionattributabletoparent": -56000,
        "comprehensiveincomenetoftax": -64048000
    },
    {
        "date": "2021-01-31",
        "symbol": "MDB",
        "period": "Q4",
        "revenuefromcontractwithcustomerexcludingassessedtax": 163946000,
        "costofgoodsandservicessold": 42040000,
        "grossprofit": 120014000,
        "sellingandmarketingexpense": 97683000,
        "researchanddevelopmentexpense": 55911000,
        "generalandadministrativeexpense": 25813000,
        "operatingexpenses": 179407000,
        "operatingincomeloss": -59393000,
        "investmentincomenet": 238000,
        "interestexpense": 14269000,
        "othernonoperatingincomeexpense": -268000,
        "incomelossfromcontinuingoperationsbeforeincometaxesextraordinaryitemsnoncontrollinginterest": -73692000,
        "incometaxexpensebenefit": 2109000,
        "netincomeloss": -75801000,
        "earningspersharebasicanddiluted": -1.2700000000000005,
        "weightedaveragenumberofshareoutstandingbasicanddiluted": -116426981,
        "othercomprehensiveincomeavailableforsalesecuritiesadjustmentnetoftaxportionattributabletoparent": -6000,
        "othercomprehensiveincomeforeigncurrencytransactionandtranslationadjustmentnetoftaxportionattributabletoparent": -361000,
        "othercomprehensiveincomelossnetoftaxportionattributabletoparent": -367000,
        "comprehensiveincomenetoftax": -76168000
    },
    {
        "date": "2020-10-31",
        "symbol": "MDB",
        "period": "Q3",
        "revenuefromcontractwithcustomerexcludingassessedtax": 144069000,
        "costofgoodsandservicessold": 38642000,
        "grossprofit": 104661000,
        "sellingandmarketingexpense": 83214000,
        "researchanddevelopmentexpense": 54363000,
        "generalandadministrativeexpense": 25175000,
        "operatingexpenses": 162752000,
        "operatingincomeloss": -58091000,
        "investmentincomenet": 572000,
        "interestexpense": 14093000,
        "othernonoperatingincomeexpense": -113000,
        "incomelossfromcontinuingoperationsbeforeincometaxesextraordinaryitemsnoncontrollinginterest": -71725000,
        "incometaxexpensebenefit": 926000,
        "netincomeloss": -72651000,
        "earningspersharebasicanddiluted": -1.22,
        "weightedaveragenumberofshareoutstandingbasicanddiluted": 59368167,
        "othercomprehensiveincomeavailableforsalesecuritiesadjustmentnetoftaxportionattributabletoparent": -341000,
        "othercomprehensiveincomeforeigncurrencytransactionandtranslationadjustmentnetoftaxportionattributabletoparent": -65000,
        "othercomprehensiveincomelossnetoftaxportionattributabletoparent": -406000,
        "comprehensiveincomenetoftax": -73057000
    },
    {
        "date": "2020-07-31",
        "symbol": "MDB",
        "period": "Q2",
        "netincomeloss": -64525000,
        "othercomprehensiveincomeavailableforsalesecuritiesadjustmentnetoftaxportionattributabletoparent": -531000,
        "othercomprehensiveincomeforeigncurrencytransactionandtranslationadjustmentnetoftaxportionattributabletoparent": -398000,
        "othercomprehensiveincomelossnetoftaxportionattributabletoparent": -929000,
        "comprehensiveincomenetoftax": -65454000,
        "revenuefromcontractwithcustomerexcludingassessedtax": 132478000,
        "costofgoodsandservicessold": 33973000,
        "grossprofit": 95977000,
        "sellingandmarketingexpense": 75078000,
        "researchanddevelopmentexpense": 49255000,
        "generalandadministrativeexpense": 21424000,
        "operatingexpenses": 145757000,
        "operatingincomeloss": -49780000,
        "investmentincomenet": 1032000,
        "interestexpense": 13950000,
        "othernonoperatingincomeexpense": -845000,
        "incomelossfromcontinuingoperationsbeforeincometaxesextraordinaryitemsnoncontrollinginterest": -63543000,
        "incometaxexpensebenefit": 982000,
        "earningspersharebasicanddiluted": -1.1,
        "weightedaveragenumberofshareoutstandingbasicanddiluted": 58393894
    },
    {
        "date": "2020-04-30",
        "symbol": "MDB",
        "period": "Q1",
        "netincomeloss": -53967000,
        "othercomprehensiveincomeavailableforsalesecuritiesadjustmentnetoftaxportionattributabletoparent": 848000,
        "othercomprehensiveincomeforeigncurrencytransactionandtranslationadjustmentnetoftaxportionattributabletoparent": -75000,
        "othercomprehensiveincomelossnetoftaxportionattributabletoparent": 773000,
        "comprehensiveincomenetoftax": -53194000,
        "revenuefromcontractwithcustomerexcludingassessedtax": 124856000,
        "costofgoodsandservicessold": 30625000,
        "grossprofit": 92652000,
        "sellingandmarketingexpense": 69125000,
        "researchanddevelopmentexpense": 45632000,
        "generalandadministrativeexpense": 19935000,
        "operatingexpenses": 134692000,
        "operatingincomeloss": -42040000,
        "investmentincomenet": 2727000,
        "interestexpense": 13795000,
        "othernonoperatingincomeexpense": -625000,
        "incomelossfromcontinuingoperationsbeforeincometaxesextraordinaryitemsnoncontrollinginterest": -53733000,
        "incometaxexpensebenefit": 234000,
        "earningspersharebasicanddiluted": -0.94,
        "weightedaveragenumberofshareoutstandingbasicanddiluted": 57649524
    },
    {
        "date": "2020-01-31",
        "symbol": "MDB",
        "period": "Q4",
        "netincomeloss": -62563000,
        "othercomprehensiveincomeavailableforsalesecuritiesadjustmentnetoftaxportionattributabletoparent": -207000,
        "othercomprehensiveincomeforeigncurrencytransactionandtranslationadjustmentnetoftaxportionattributabletoparent": 243000,
        "othercomprehensiveincomelossnetoftaxportionattributabletoparent": 36000,
        "comprehensiveincomenetoftax": -62527000,
        "revenuefromcontractwithcustomerexcludingassessedtax": 176523000,
        "costofgoodsandservicessold": 45244000,
        "grossprofit": 88732000,
        "sellingandmarketingexpense": 67234000,
        "researchanddevelopmentexpense": 41638000,
        "generalandadministrativeexpense": 20763000,
        "operatingexpenses": 129635000,
        "operatingincomeloss": -40903000,
        "investmentincomenet": 2036000,
        "interestexpense": 6541000,
        "othernonoperatingincomeexpense": -14891000,
        "incomelossfromcontinuingoperationsbeforeincometaxesextraordinaryitemsnoncontrollinginterest": -60299000,
        "incometaxexpensebenefit": 2226000,
        "earningspersharebasicanddiluted": -1.1100000000000003,
        "weightedaveragenumberofshareoutstandingbasicanddiluted": -110831200
    },
    {
        "date": "2019-10-31",
        "symbol": "MDB",
        "period": "Q3",
        "netincomeloss": -42383000,
        "othercomprehensiveincomeavailableforsalesecuritiesadjustmentnetoftaxportionattributabletoparent": 219000,
        "othercomprehensiveincomeforeigncurrencytransactionandtranslationadjustmentnetoftaxportionattributabletoparent": 302000,
        "othercomprehensiveincomelossnetoftaxportionattributabletoparent": 521000,
        "comprehensiveincomenetoftax": -41862000,
        "revenuefromcontractwithcustomerexcludingassessedtax": 103827000,
        "costofgoodsandservicessold": 26497000,
        "grossprofit": 77250000,
        "sellingandmarketingexpense": 57015000,
        "researchanddevelopmentexpense": 39387000,
        "generalandadministrativeexpense": 19562000,
        "operatingexpenses": 115964000,
        "operatingincomeloss": -38714000,
        "investmentincomenet": 1986000,
        "interestexpense": 4813000,
        "othernonoperatingincomeexpense": -283000,
        "incomelossfromcontinuingoperationsbeforeincometaxesextraordinaryitemsnoncontrollinginterest": -41824000,
        "incometaxexpensebenefit": 559000,
        "earningspersharebasicanddiluted": -0.75,
        "weightedaveragenumberofshareoutstandingbasicanddiluted": 56411779
    },
    {
        "date": "2019-07-31",
        "symbol": "MDB",
        "period": "Q2",
        "netincomeloss": -37336000,
        "othercomprehensiveincomeavailableforsalesecuritiesadjustmentnetoftaxportionattributabletoparent": 21000,
        "othercomprehensiveincomeforeigncurrencytransactionandtranslationadjustmentnetoftaxportionattributabletoparent": -250000,
        "othercomprehensiveincomelossnetoftaxportionattributabletoparent": -229000,
        "comprehensiveincomenetoftax": -37565000,
        "revenuefromcontractwithcustomerexcludingassessedtax": 94156000,
        "costofgoodsandservicessold": 24373000,
        "grossprofit": 69166000,
        "sellingandmarketingexpense": 53524000,
        "researchanddevelopmentexpense": 37140000,
        "generalandadministrativeexpense": 16174000,
        "operatingexpenses": 106838000,
        "operatingincomeloss": -37672000,
        "investmentincomenet": 2231000,
        "interestexpense": 4940000,
        "othernonoperatingincomeexpense": -296000,
        "incomelossfromcontinuingoperationsbeforeincometaxesextraordinaryitemsnoncontrollinginterest": -40677000,
        "incometaxexpensebenefit": -3341000,
        "earningspersharebasicanddiluted": -0.67,
        "weightedaveragenumberofshareoutstandingbasicanddiluted": 55647707
    },
    {
        "date": "2019-04-29",
        "symbol": "MDB",
        "period": "Q1",
        "netincomeloss": -33240000,
        "othercomprehensiveincomeavailableforsalesecuritiesadjustmentnetoftaxportionattributabletoparent": 58000,
        "othercomprehensiveincomeforeigncurrencytransactionandtranslationadjustmentnetoftaxportionattributabletoparent": 13000,
        "othercomprehensiveincomelossnetoftaxportionattributabletoparent": 71000,
        "comprehensiveincomenetoftax": -33169000,
        "revenuefromcontractwithcustomerexcludingassessedtax": 25320000,
        "costofgoodsandservicessold": 5577000,
        "grossprofit": 61216000,
        "sellingandmarketingexpense": 46120000,
        "researchanddevelopmentexpense": 30868000,
        "generalandadministrativeexpense": 14805000,
        "operatingexpenses": 91793000,
        "operatingincomeloss": -30577000,
        "investmentincomenet": 2303000,
        "interestexpense": 4689000,
        "othernonoperatingincomeexpense": -415000,
        "incomelossfromcontinuingoperationsbeforeincometaxesextraordinaryitemsnoncontrollinginterest": -33378000,
        "incometaxexpensebenefit": -100000,
        "earningspersharebasicanddiluted": -0.61,
        "weightedaveragenumberofshareoutstandingbasicanddiluted": 54710746
    },
    {
        "date": "2019-01-30",
        "symbol": "MDB",
        "period": "Q4",
        "netincomeloss": -7281000,
        "othercomprehensiveincomeavailableforsalesecuritiesadjustmentnetoftaxportionattributabletoparent": 137000,
        "othercomprehensiveincomeforeigncurrencytransactionandtranslationadjustmentnetoftaxportionattributabletoparent": 69000,
        "othercomprehensiveincomelossnetoftaxportionattributabletoparent": 206000,
        "comprehensiveincomenetoftax": -7075000,
        "costofgoodsandservicessold": -17440000,
        "grossprofit": 70752000,
        "sellingandmarketingexpense": 38411000,
        "researchanddevelopmentexpense": 26600000,
        "generalandadministrativeexpense": 14596000,
        "operatingexpenses": 79607000,
        "operatingincomeloss": -8855000,
        "investmentincomenet": 2227000,
        "othernonoperatingincomeexpense": -13000,
        "incomelossfromcontinuingoperationsbeforeincometaxesextraordinaryitemsnoncontrollinginterest": -11279000,
        "incometaxexpensebenefit": -3985000,
        "earningspersharebasicanddiluted": -0.1200000000000001,
        "weightedaveragenumberofshareoutstandingbasicanddiluted": -102203240
    },
    {
        "date": "2018-10-31",
        "symbol": "MDB",
        "period": "Q3",
        "netincomeloss": -31320000,
        "othercomprehensiveincomeavailableforsalesecuritiesadjustmentnetoftaxportionattributabletoparent": 9000,
        "othercomprehensiveincomeforeigncurrencytransactionandtranslationadjustmentnetoftaxportionattributabletoparent": -49000,
        "othercomprehensiveincomelossnetoftaxportionattributabletoparent": -40000,
        "comprehensiveincomenetoftax": -31360000,
        "revenues": 18553000,
        "costofgoodsandservicessold": 4510000,
        "grossprofit": 47227000,
        "sellingandmarketingexpense": 38116000,
        "researchanddevelopmentexpense": 23179000,
        "generalandadministrativeexpense": 14986000,
        "operatingexpenses": 76281000,
        "operatingincomeloss": -29054000,
        "investmentincomenet": 2459000,
        "interestexpense": 4358000,
        "othernonoperatingincomeexpense": -400000,
        "incomelossfromcontinuingoperationsbeforeincometaxesextraordinaryitemsnoncontrollinginterest": -31353000,
        "incometaxexpensebenefit": -33000,
        "earningspersharebasicanddiluted": -0.59,
        "weightedaveragenumberofshareoutstandingbasicanddiluted": 52702526
    },
    {
        "date": "2018-07-31",
        "symbol": "MDB",
        "period": "Q2",
        "licensesrevenue": 52933000,
        "technologyservicesrevenue": 4557000,
        "salesrevenuenet": 16215000,
        "licensecosts": 12116000,
        "technologyservicescosts": 4378000,
        "costofgoodsandservicessold": 16494000,
        "grossprofit": 40996000,
        "sellingandmarketingexpense": 37880000,
        "researchanddevelopmentexpense": 21430000,
        "generalandadministrativeexpense": 12254000,
        "operatingexpenses": 71564000,
        "operatingincomeloss": -30568000,
        "investmentincomenet": 1518000,
        "interestexpense": 1294000,
        "othernonoperatingincomeexpense": -656000,
        "incomelossfromcontinuingoperationsbeforeincometaxesextraordinaryitemsnoncontrollinginterest": -31000000,
        "incometaxexpensebenefit": 200000,
        "netincomeloss": -31246000,
        "earningspersharebasicanddiluted": -0.61,
        "weightedaveragenumberofshareoutstandingbasicanddiluted": 51185258,
        "othercomprehensiveincomeavailableforsalesecuritiesadjustmentnetoftaxportionattributabletoparent": 30000,
        "othercomprehensiveincomeforeigncurrencytransactionandtranslationadjustmentnetoftaxportionattributabletoparent": -96000,
        "othercomprehensiveincomelossnetoftaxportionattributabletoparent": -66000,
        "comprehensiveincomenetoftax": -31312000
    },
    {
        "date": "2018-04-29",
        "symbol": "MDB",
        "period": "Q1",
        "licensesrevenue": 44565000,
        "technologyservicesrevenue": 3657000,
        "salesrevenuenet": 14400000,
        "licensecosts": 10070000,
        "technologyservicescosts": 3679000,
        "costofgoodsandservicessold": 13749000,
        "grossprofit": 34473000,
        "sellingandmarketingexpense": 33889000,
        "researchanddevelopmentexpense": 18645000,
        "generalandadministrativeexpense": 11227000,
        "operatingexpenses": 63761000,
        "operatingincomeloss": -29288000,
        "investmentincomenet": 959000,
        "othernonoperatingincomeexpense": -368000,
        "incomelossfromcontinuingoperationsbeforeincometaxesextraordinaryitemsnoncontrollinginterest": -28697000,
        "incometaxexpensebenefit": 500000,
        "netincomeloss": -29164000,
        "earningspersharebasicanddiluted": -0.58,
        "weightedaveragenumberofshareoutstandingbasicanddiluted": 50350052,
        "othercomprehensiveincomeavailableforsalesecuritiesadjustmentnetoftaxportionattributabletoparent": -82000,
        "othercomprehensiveincomeforeigncurrencytransactionandtranslationadjustmentnetoftaxportionattributabletoparent": -33000,
        "othercomprehensiveincomelossnetoftaxportionattributabletoparent": -115000,
        "comprehensiveincomenetoftax": -29279000
    }
]