[
    {
        "date": "2024-09-29",
        "symbol": "XPO",
        "period": "Q3",
        "revenuefromcontractwithcustomerexcludingassessedtax": 2053000000,
        "laborandrelatedexpense": 853000000,
        "purchasedtransportation": 429000000,
        "operatingcostsandexpenses": 399000000,
        "taxesandlicenses": 21000000,
        "generalinsuranceexpense": 34000000,
        "gainlossonsaleofpropertyplantequipment": 0,
        "depreciationandamortization": 126000000,
        "transactionandintegrationcosts": 10000000,
        "restructuringcosts": -12000000,
        "operatingincomeloss": 176000000,
        "othernonoperatingincomeexpense": 15000000,
        "incomelossfromcontinuingoperationsbeforeincometaxesextraordinaryitemsnoncontrollinginterest": 135000000,
        "incometaxexpensebenefit": -60000000,
        "incomelossfromcontinuingoperations": 95000000,
        "netincomeloss": 95000000,
        "incomelossfromcontinuingoperationsperbasicshare": 0.8100000000000002,
        "earningspersharebasic": 0.8100000000000002,
        "incomelossfromcontinuingoperationsperdilutedshare": 0.79,
        "earningspersharediluted": 0.79,
        "weightedaveragenumberofsharesoutstandingbasic": 116000000,
        "weightedaveragenumberofdilutedsharesoutstanding": 120000000,
        "profitloss": 95000000,
        "othercomprehensiveincomelossforeigncurrencytransactionandtranslationadjustmentnetoftax": 29000000,
        "othercomprehensiveincomelosscashflowhedgegainlossafterreclassificationandtax": 0,
        "othercomprehensiveincomelossnetoftax": 29000000,
        "comprehensiveincomenetoftax": 124000000,
        "othercomprehensiveincomeforeigncurrencytranslationgainlossarisingduringperiodtax": 8000000
    },
    {
        "date": "2024-06-29",
        "symbol": "XPO",
        "period": "Q2",
        "revenuefromcontractwithcustomerexcludingassessedtax": 2079000000,
        "laborandrelatedexpense": 854000000,
        "purchasedtransportation": 436000000,
        "operatingcostsandexpenses": 401000000,
        "taxesandlicenses": 21000000,
        "generalinsuranceexpense": 33000000,
        "gainlossonsaleofpropertyplantequipment": 3000000,
        "depreciationandamortization": 122000000,
        "transactionandintegrationcosts": 12000000,
        "restructuringcosts": 6000000,
        "operatingincomeloss": 197000000,
        "othernonoperatingincomeexpense": 6000000,
        "incomelossfromcontinuingoperationsbeforeincometaxesextraordinaryitemsnoncontrollinginterest": 147000000,
        "incometaxexpensebenefit": -3000000,
        "incomelossfromcontinuingoperations": 150000000,
        "netincomeloss": 150000000,
        "incomelossfromcontinuingoperationsperbasicshare": 1.29,
        "earningspersharebasic": 1.29,
        "incomelossfromcontinuingoperationsperdilutedshare": 1.25,
        "earningspersharediluted": 1.25,
        "weightedaveragenumberofsharesoutstandingbasic": 116000000,
        "weightedaveragenumberofdilutedsharesoutstanding": 120000000,
        "profitloss": 150000000,
        "othercomprehensiveincomelossforeigncurrencytransactionandtranslationadjustmentnetoftax": -3000000,
        "othercomprehensiveincomelosscashflowhedgegainlossafterreclassificationandtax": -1000000,
        "othercomprehensiveincomelossnetoftax": -3000000,
        "comprehensiveincomenetoftax": 147000000,
        "othercomprehensiveincomeforeigncurrencytranslationgainlossarisingduringperiodtax": -4000000
    },
    {
        "date": "2024-03-30",
        "symbol": "XPO",
        "period": "Q1",
        "revenuefromcontractwithcustomerexcludingassessedtax": 2018000000,
        "laborandrelatedexpense": 834000000,
        "purchasedtransportation": 438000000,
        "operatingcostsandexpenses": 413000000,
        "taxesandlicenses": 19000000,
        "generalinsuranceexpense": 38000000,
        "gainlossonsaleofpropertyplantequipment": 2000000,
        "depreciationandamortization": 117000000,
        "transactionandintegrationcosts": 14000000,
        "restructuringcosts": 8000000,
        "operatingincomeloss": 138000000,
        "othernonoperatingincomeexpense": 10000000,
        "interestexpense": 58000000,
        "incomelossfromcontinuingoperationsbeforeincometaxesextraordinaryitemsnoncontrollinginterest": 90000000,
        "incometaxexpensebenefit": 23000000,
        "incomelossfromcontinuingoperations": 67000000,
        "netincomeloss": 67000000,
        "netincomelossfromcontinuingoperationsavailabletocommonshareholdersbasic": 67000000,
        "netincomelossavailabletocommonstockholdersbasic": 67000000,
        "netincomelossfromcontinuingoperationsavailabletocommonshareholdersdiluted": 67000000,
        "netincomelossavailabletocommonstockholdersdiluted": 67000000,
        "incomelossfromcontinuingoperationsperbasicshare": 0.58,
        "earningspersharebasic": 0.58,
        "incomelossfromcontinuingoperationsperdilutedshare": 0.56,
        "earningspersharediluted": 0.56,
        "weightedaveragenumberofsharesoutstandingbasic": 116000000,
        "weightedaveragenumberofdilutedsharesoutstanding": 120000000,
        "profitloss": 67000000,
        "othercomprehensiveincomelossforeigncurrencytransactionandtranslationadjustmentnetoftax": -6000000,
        "othercomprehensiveincomelosscashflowhedgegainlossafterreclassificationandtax": 2000000,
        "othercomprehensiveincomelossnetoftax": -5000000,
        "comprehensiveincomenetoftax": 62000000,
        "othercomprehensiveincomeforeigncurrencytranslationgainlossarisingduringperiodtax": -3000000
    },
    {
        "date": "2023-06-29",
        "symbol": "XPO",
        "period": "Q2",
        "revenuefromcontractwithcustomerexcludingassessedtax": 1917000000,
        "laborandrelatedexpense": 783000000,
        "purchasedtransportation": 444000000,
        "operatingcostsandexpenses": 390000000,
        "taxesandlicenses": 15000000,
        "generalinsuranceexpense": 46000000,
        "gainlossonsaleofpropertyplantequipment": 2000000,
        "depreciationandamortization": 107000000,
        "transactionandintegrationcosts": 17000000,
        "restructuringcosts": 10000000,
        "operatingincomeloss": 107000000,
        "othernonoperatingincomeexpense": 3000000,
        "interestexpense": 43000000,
        "incomelossfromcontinuingoperationsbeforeincometaxesextraordinaryitemsnoncontrollinginterest": 44000000,
        "incometaxexpensebenefit": 13000000,
        "incomelossfromcontinuingoperations": 31000000,
        "incomelossfromdiscontinuedoperationsnetoftaxattributabletoreportingentity": 2000000,
        "netincomeloss": 33000000,
        "netincomelossfromcontinuingoperationsavailabletocommonshareholdersbasic": 31000000,
        "netincomelossfromdiscontinuedoperationsavailabletocommonshareholdersbasic": 2000000,
        "netincomelossavailabletocommonstockholdersbasic": 33000000,
        "netincomelossfromcontinuingoperationsavailabletocommonshareholdersdiluted": 31000000,
        "netincomelossfromdiscontinuedoperationsavailabletocommonshareholdersdiluted": 2000000,
        "netincomelossavailabletocommonstockholdersdiluted": 33000000,
        "incomelossfromcontinuingoperationsperbasicshare": 0.27,
        "incomelossfromdiscontinuedoperationsnetoftaxperbasicshare": 0.01,
        "earningspersharebasic": 0.27999999999999997,
        "incomelossfromcontinuingoperationsperdilutedshare": 0.26,
        "incomelossfromdiscontinuedoperationsnetoftaxperdilutedshare": 0.01,
        "earningspersharediluted": 0.27,
        "weightedaveragenumberofsharesoutstandingbasic": 0,
        "weightedaveragenumberofdilutedsharesoutstanding": 1000000,
        "profitloss": 33000000,
        "othercomprehensiveincomelossforeigncurrencytransactionandtranslationadjustmentnetoftax": 14000000,
        "othercomprehensiveincomelosscashflowhedgegainlossafterreclassificationandtax": 1000000,
        "othercomprehensiveincomelossnetoftax": 15000000,
        "comprehensiveincomenetoftax": 48000000,
        "othercomprehensiveincomeforeigncurrencytranslationgainlossarisingduringperiodtax": 2000000,
        "othercomprehensiveincomelosscashflowhedgegainlossafterreclassificationtax": 0
    },
    {
        "date": "2023-03-30",
        "symbol": "XPO",
        "period": "Q1",
        "revenuefromcontractwithcustomerexcludingassessedtax": 1907000000,
        "laborandrelatedexpense": 762000000,
        "purchasedtransportation": 457000000,
        "operatingcostsandexpenses": 427000000,
        "taxesandlicenses": 15000000,
        "generalinsuranceexpense": 44000000,
        "gainlossonsaleofpropertyplantequipment": 3000000,
        "depreciationandamortization": 101000000,
        "transactionandintegrationcosts": 22000000,
        "restructuringcosts": 24000000,
        "operatingincomeloss": 58000000,
        "othernonoperatingincomeexpense": 5000000,
        "interestexpense": 42000000,
        "incomelossfromcontinuingoperationsbeforeincometaxesextraordinaryitemsnoncontrollinginterest": 21000000,
        "incometaxexpensebenefit": 4000000,
        "incomelossfromcontinuingoperations": 17000000,
        "incomelossfromdiscontinuedoperationsnetoftaxattributabletoreportingentity": -3000000,
        "netincomeloss": 14000000,
        "netincomelossfromcontinuingoperationsavailabletocommonshareholdersbasic": 17000000,
        "netincomelossfromdiscontinuedoperationsavailabletocommonshareholdersbasic": -3000000,
        "netincomelossavailabletocommonstockholdersbasic": 14000000,
        "netincomelossfromcontinuingoperationsavailabletocommonshareholdersdiluted": 17000000,
        "netincomelossfromdiscontinuedoperationsavailabletocommonshareholdersdiluted": -3000000,
        "netincomelossavailabletocommonstockholdersdiluted": 14000000,
        "incomelossfromcontinuingoperationsperbasicshare": 0.15,
        "incomelossfromdiscontinuedoperationsnetoftaxperbasicshare": -0.02,
        "earningspersharebasic": 0.13,
        "incomelossfromcontinuingoperationsperdilutedshare": 0.15,
        "incomelossfromdiscontinuedoperationsnetoftaxperdilutedshare": -0.02,
        "earningspersharediluted": 0.13,
        "weightedaveragenumberofsharesoutstandingbasic": 116000000,
        "weightedaveragenumberofdilutedsharesoutstanding": 116000000,
        "restructuringincurredcoststatementofincomeorcomprehensiveincomeextensibleenumeration": "http://fasb.org/us-gaap/2022#RestructuringCosts",
        "profitloss": 14000000,
        "othercomprehensiveincomelossforeigncurrencytransactionandtranslationadjustmentnetoftax": 13000000,
        "othercomprehensiveincomelosscashflowhedgegainlossafterreclassificationandtax": 2000000,
        "othercomprehensiveincomelossnetoftax": 15000000,
        "comprehensiveincomenetoftax": 29000000,
        "definedbenefitplannetperiodicbenefitcostcreditinterestcoststatementofincomeorcomprehensiveincomeextensiblelist": "http://fasb.org/us-gaap/2022#OtherComprehensiveIncomeLossNetOfTax",
        "definedbenefitplannetperiodicbenefitcostcreditexpectedreturnlossstatementofincomeorcomprehensiveincomeextensiblelist": "http://fasb.org/us-gaap/2022#OtherComprehensiveIncomeLossNetOfTax",
        "othercomprehensiveincomeforeigncurrencytranslationgainlossarisingduringperiodtax": 8000000,
        "othercomprehensiveincomelosscashflowhedgegainlossafterreclassificationtax": 1000000
    },
    {
        "date": "2022-12-30",
        "symbol": "XPO",
        "period": "Q4",
        "costofgoodsandserviceexcludingdepreciationdepletionandamortization": -1689000000,
        "directoperatingexpenseexcludingdepreciationdepletionandamortization": 41000000,
        "sellinggeneralandadministrativeexpense": -288000000,
        "depreciationandamortization": 43000000,
        "transactionandintegrationcosts": -2000000,
        "restructuringcosts": 31000000,
        "operatingincomeloss": -663000000,
        "othernonoperatingincomeexpense": 11000000,
        "interestexpense": 32000000,
        "incomelossfromcontinuingoperationsbeforeincometaxesextraordinaryitemsnoncontrollinginterest": -697000000,
        "incometaxexpensebenefit": -120000000,
        "incomelossfromcontinuingoperations": -577000000,
        "profitloss": -94000000,
        "netincomeloss": -94000000,
        "netincomelossfromcontinuingoperationsavailabletocommonshareholdersbasic": -577000000,
        "netincomelossavailabletocommonstockholdersbasic": -94000000,
        "netincomelossfromcontinuingoperationsavailabletocommonshareholdersdiluted": -577000000,
        "netincomelossavailabletocommonstockholdersdiluted": -94000000,
        "incomelossfromcontinuingoperationsperbasicshare": -5.02,
        "earningspersharebasic": -0.8200000000000003,
        "incomelossfromcontinuingoperationsperdilutedshare": -4.99,
        "earningspersharediluted": -0.8100000000000005,
        "othercomprehensiveincomelossforeigncurrencytransactionandtranslationadjustmentnetoftax": 63000000,
        "othercomprehensiveincomelossnetoftax": -12000000,
        "comprehensiveincomenetoftaxincludingportionattributabletononcontrollinginterest": -106000000,
        "comprehensiveincomenetoftax": -106000000,
        "othercomprehensiveincomeforeigncurrencytranslationgainlossarisingduringperiodtax": 3000000
    },
    {
        "date": "2022-09-29",
        "symbol": "XPO",
        "period": "Q3",
        "revenues": 3042000000,
        "costofgoodsandserviceexcludingdepreciationdepletionandamortization": 2044000000,
        "directoperatingexpenseexcludingdepreciationdepletionandamortization": 363000000,
        "sellinggeneralandadministrativeexpense": 298000000,
        "depreciationandamortization": 118000000,
        "gainlossonsaleofbusiness": 0,
        "transactionandintegrationcosts": 25000000,
        "restructuringcosts": 9000000,
        "operatingincomeloss": 185000000,
        "othernonoperatingincomeexpense": 15000000,
        "interestexpense": 35000000,
        "incomelossfromcontinuingoperationsbeforeincometaxesextraordinaryitemsnoncontrollinginterest": 165000000,
        "incometaxexpensebenefit": 34000000,
        "incomelossfromcontinuingoperations": 131000000,
        "profitloss": 131000000,
        "netincomeloss": 131000000,
        "netincomelossfromcontinuingoperationsavailabletocommonshareholdersbasic": 131000000,
        "netincomelossavailabletocommonstockholdersbasic": 131000000,
        "netincomelossfromcontinuingoperationsavailabletocommonshareholdersdiluted": 131000000,
        "netincomelossavailabletocommonstockholdersdiluted": 131000000,
        "incomelossfromcontinuingoperationsperbasicshare": 1.13,
        "earningspersharebasic": 1.13,
        "incomelossfromcontinuingoperationsperdilutedshare": 1.13,
        "earningspersharediluted": 1.13,
        "othercomprehensiveincomelossforeigncurrencytransactionandtranslationadjustmentnetoftax": -60000000,
        "othercomprehensiveincomelosscashflowhedgegainlossafterreclassificationandtax": 0,
        "othercomprehensiveincomelossnetoftax": -60000000,
        "comprehensiveincomenetoftaxincludingportionattributabletononcontrollinginterest": 71000000,
        "comprehensiveincomenetoftax": 71000000,
        "othercomprehensiveincomeforeigncurrencytranslationgainlossarisingduringperiodtax": -7000000
    },
    {
        "date": "2022-06-29",
        "symbol": "XPO",
        "period": "Q2",
        "revenues": 3232000000,
        "costofgoodsandserviceexcludingdepreciationdepletionandamortization": 2153000000,
        "directoperatingexpenseexcludingdepreciationdepletionandamortization": 365000000,
        "sellinggeneralandadministrativeexpense": 324000000,
        "depreciationandamortization": 115000000,
        "gainlossonsaleofbusiness": -16000000,
        "transactionandintegrationcosts": 25000000,
        "restructuringcosts": 4000000,
        "operatingincomeloss": 230000000,
        "othernonoperatingincomeexpense": 15000000,
        "interestexpense": 31000000,
        "incomelossfromcontinuingoperationsbeforeincometaxesextraordinaryitemsnoncontrollinginterest": 188000000,
        "incometaxexpensebenefit": 47000000,
        "incomelossfromcontinuingoperations": 141000000,
        "incomelossfromdiscontinuedoperationsnetoftaxattributabletoreportingentity": 0,
        "profitloss": 141000000,
        "netincomeloss": 141000000,
        "netincomelossfromcontinuingoperationsavailabletocommonshareholdersbasic": 141000000,
        "netincomelossfromdiscontinuedoperationsavailabletocommonshareholdersbasic": 0,
        "netincomelossavailabletocommonstockholdersbasic": 141000000,
        "netincomelossfromcontinuingoperationsavailabletocommonshareholdersdiluted": 141000000,
        "netincomelossfromdiscontinuedoperationsavailabletocommonshareholdersdiluted": 0,
        "netincomelossavailabletocommonstockholdersdiluted": 141000000,
        "incomelossfromcontinuingoperationsperbasicshare": 1.2300000000000004,
        "incomelossfromdiscontinuedoperationsnetoftaxperbasicshare": 0,
        "earningspersharebasic": 1.2300000000000004,
        "incomelossfromcontinuingoperationsperdilutedshare": 1.2199999999999998,
        "incomelossfromdiscontinuedoperationsnetoftaxperdilutedshare": 0,
        "earningspersharediluted": 1.2200000000000006,
        "weightedaveragenumberofsharesoutstandingbasic": 0,
        "weightedaveragenumberofdilutedsharesoutstanding": 0,
        "othercomprehensiveincomelossforeigncurrencytransactionandtranslationadjustmentnetoftax": -46000000,
        "othercomprehensiveincomelosscashflowhedgegainlossafterreclassificationandtax": 3000000,
        "othercomprehensiveincomelossnetoftax": -43000000,
        "comprehensiveincomenetoftaxincludingportionattributabletononcontrollinginterest": 98000000,
        "comprehensiveincomenetoftax": 98000000,
        "othercomprehensiveincomeforeigncurrencytranslationgainlossarisingduringperiodtax": -9000000
    },
    {
        "date": "2022-03-30",
        "symbol": "XPO",
        "period": "Q1",
        "revenues": 3473000000,
        "costofgoodsandserviceexcludingdepreciationdepletionandamortization": 2437000000,
        "directoperatingexpenseexcludingdepreciationdepletionandamortization": 385000000,
        "sellinggeneralandadministrativeexpense": 344000000,
        "depreciationandamortization": 116000000,
        "gainlossonsaleofbusiness": 450000000,
        "transactionandintegrationcosts": 10000000,
        "restructuringcosts": 6000000,
        "operatingincomeloss": 625000000,
        "othernonoperatingincomeexpense": 14000000,
        "interestexpense": 37000000,
        "incomelossfromcontinuingoperationsbeforeincometaxesextraordinaryitemsnoncontrollinginterest": 602000000,
        "incometaxexpensebenefit": 113000000,
        "incomelossfromcontinuingoperations": 489000000,
        "incomelossfromdiscontinuedoperationsnetoftaxattributabletoreportingentity": -1000000,
        "profitloss": 488000000,
        "netincomeloss": 488000000,
        "netincomelossfromcontinuingoperationsavailabletocommonshareholdersbasic": 489000000,
        "netincomelossfromdiscontinuedoperationsavailabletocommonshareholdersbasic": -1000000,
        "netincomelossavailabletocommonstockholdersbasic": 488000000,
        "netincomelossfromcontinuingoperationsavailabletocommonshareholdersdiluted": 489000000,
        "netincomelossfromdiscontinuedoperationsavailabletocommonshareholdersdiluted": -1000000,
        "netincomelossavailabletocommonstockholdersdiluted": 488000000,
        "incomelossfromcontinuingoperationsperbasicshare": 4.26,
        "incomelossfromdiscontinuedoperationsnetoftaxperbasicshare": -0.01,
        "earningspersharebasic": 4.25,
        "incomelossfromcontinuingoperationsperdilutedshare": 4.23,
        "incomelossfromdiscontinuedoperationsnetoftaxperdilutedshare": -0.01,
        "earningspersharediluted": 4.22,
        "weightedaveragenumberofsharesoutstandingbasic": 115000000,
        "weightedaveragenumberofdilutedsharesoutstanding": 116000000,
        "othercomprehensiveincomelossforeigncurrencytransactionandtranslationadjustmentnetoftax": -26000000,
        "othercomprehensiveincomelosscashflowhedgegainlossafterreclassificationandtax": 1000000,
        "othercomprehensiveincomelossnetoftax": -25000000,
        "comprehensiveincomenetoftaxincludingportionattributabletononcontrollinginterest": 463000000,
        "comprehensiveincomenetoftax": 463000000,
        "othercomprehensiveincomeforeigncurrencytranslationgainlossarisingduringperiodtax": -2000000
    },
    {
        "date": "2021-06-29",
        "symbol": "XPO",
        "period": "Q2",
        "revenues": 5036000000,
        "costofgoodsandservicessold": 2514000000,
        "operatingcostsandexpenses": 1682000000,
        "sellinggeneralandadministrativeexpense": 594000000,
        "operatingincomeloss": 246000000,
        "othernonoperatingincomeexpense": 24000000,
        "foreigncurrencytransactiongainlossbeforetax": -3000000,
        "gainslossesonextinguishmentofdebt": 0,
        "interestexpense": 63000000,
        "incomelossfromcontinuingoperationsbeforeincometaxesminorityinterestandincomelossfromequitymethodinvestments": 204000000,
        "incometaxexpensebenefit": 46000000,
        "profitloss": 158000000,
        "netincomelossattributabletononcontrollinginterestandredeemablenoncontrollinginterest": 2000000,
        "netincomeloss": 156000000,
        "netincomelossavailabletocommonstockholdersbasic": 156000000,
        "earningspersharebasic": 1.4,
        "earningspersharediluted": 1.38,
        "weightedaveragenumberofsharesoutstandingbasic": 3000000,
        "weightedaveragenumberofdilutedsharesoutstanding": 1000000,
        "othercomprehensiveincomelossforeigncurrencytransactionandtranslationadjustmentnetoftax": 15000000,
        "othercomprehensiveincomelossnetoftax": 15000000,
        "comprehensiveincomenetoftaxincludingportionattributabletononcontrollinginterest": 173000000,
        "comprehensiveincomenetoftaxattributabletononcontrollinginterest": 5000000,
        "comprehensiveincomenetoftax": 168000000,
        "othercomprehensiveincomeforeigncurrencytranslationgainlossarisingduringperiodtax": 3000000
    },
    {
        "date": "2021-03-30",
        "symbol": "XPO",
        "period": "Q1",
        "revenues": 4774000000,
        "costofgoodsandservicessold": 2328000000,
        "operatingcostsandexpenses": 1656000000,
        "sellinggeneralandadministrativeexpense": 588000000,
        "operatingincomeloss": 202000000,
        "othernonoperatingincomeexpense": 26000000,
        "foreigncurrencytransactiongainlossbeforetax": 2000000,
        "gainslossesonextinguishmentofdebt": -8000000,
        "interestexpense": 69000000,
        "incomelossfromcontinuingoperationsbeforeincometaxesminorityinterestandincomelossfromequitymethodinvestments": 153000000,
        "incometaxexpensebenefit": 35000000,
        "profitloss": 118000000,
        "netincomelossattributabletononcontrollinginterestandredeemablenoncontrollinginterest": 3000000,
        "netincomeloss": 115000000,
        "netincomelossavailabletocommonstockholdersbasic": 115000000,
        "earningspersharebasic": 1.08,
        "earningspersharediluted": 1.02,
        "weightedaveragenumberofsharesoutstandingbasic": 106000000,
        "weightedaveragenumberofdilutedsharesoutstanding": 112000000,
        "othercomprehensiveincomelossforeigncurrencytransactionandtranslationadjustmentnetoftax": -42000000,
        "othercomprehensiveincomelossnetoftax": -42000000,
        "comprehensiveincomenetoftaxincludingportionattributabletononcontrollinginterest": 76000000,
        "comprehensiveincomenetoftaxattributabletononcontrollinginterest": -2000000,
        "comprehensiveincomenetoftax": 78000000,
        "othercomprehensiveincomeforeigncurrencytranslationgainlossarisingduringperiodtax": -6000000
    },
    {
        "date": "2020-09-29",
        "symbol": "XPO",
        "period": "Q3",
        "revenues": 4221000000,
        "costofgoodsandservicessold": 2038000000,
        "operatingcostsandexpenses": 1461000000,
        "sellinggeneralandadministrativeexpense": 499000000,
        "costsandexpenses": 3998000000,
        "operatingincomeloss": 223000000,
        "othernonoperatingincomeexpense": 20000000,
        "foreigncurrencytransactiongainlossbeforetax": 0,
        "interestexpense": 86000000,
        "incomelossfromcontinuingoperationsbeforeincometaxesminorityinterestandincomelossfromequitymethodinvestments": 157000000,
        "incometaxexpensebenefit": 59000000,
        "profitloss": 98000000,
        "netincomelossattributabletononcontrollinginterestandredeemablenoncontrollinginterest": 5000000,
        "netincomeloss": 93000000,
        "netincomelossavailabletocommonstockholdersbasic": 93000000,
        "earningspersharebasic": 1.02,
        "earningspersharediluted": 1.02,
        "weightedaveragenumberofdilutedsharesoutstanding": -1000000,
        "othercomprehensiveincomelossforeigncurrencytransactionandtranslationadjustmentnetoftax": 71000000,
        "othercomprehensiveincomelossnetoftax": 68000000,
        "comprehensiveincomenetoftaxincludingportionattributabletononcontrollinginterest": 166000000,
        "comprehensiveincomenetoftax": 156000000,
        "othercomprehensiveincomeforeigncurrencytranslationgainlossarisingduringperiodtax": 13000000
    },
    {
        "date": "2020-06-29",
        "symbol": "XPO",
        "period": "Q2",
        "revenues": 7398000000,
        "costofgoodsandservicessold": 1641000000,
        "operatingcostsandexpenses": 1370000000,
        "sellinggeneralandadministrativeexpense": 632000000,
        "costsandexpenses": 3643000000,
        "operatingincomeloss": 17000000,
        "othernonoperatingincomeexpense": 21000000,
        "foreigncurrencytransactiongainlossbeforetax": -3000000,
        "interestexpense": 82000000,
        "incomelossfromcontinuingoperationsbeforeincometaxesminorityinterestandincomelossfromequitymethodinvestments": -205000000,
        "incometaxexpensebenefit": -71000000,
        "profitloss": -111000000,
        "netincomelossattributabletononcontrollinginterestandredeemablenoncontrollinginterest": -3000000,
        "netincomeloss": -131000000,
        "netincomelossavailabletocommonstockholdersbasic": -131000000,
        "earningspersharebasic": -1.43,
        "earningspersharediluted": -1.4,
        "weightedaveragenumberofsharesoutstandingbasic": 0,
        "weightedaveragenumberofdilutedsharesoutstanding": -11000000,
        "othercomprehensiveincomelossforeigncurrencytransactionandtranslationadjustmentnetoftax": 21000000,
        "othercomprehensiveincomelossreclassificationadjustmentfromaocipensionandotherpostretirementbenefitplansnetoftax": 0,
        "othercomprehensiveincomelossnetoftax": -44000000,
        "comprehensiveincomenetoftaxincludingportionattributabletononcontrollinginterest": -113000000,
        "comprehensiveincomenetoftaxattributabletononcontrollinginterest": 0,
        "comprehensiveincomenetoftax": -113000000,
        "othercomprehensiveincomeforeigncurrencytranslationgainlossarisingduringperiodtax": 4000000,
        "othercomprehensiveincomelosspensionandotherpostretirementbenefitplanstax": 0
    },
    {
        "date": "2020-03-30",
        "symbol": "XPO",
        "period": "Q1",
        "profitloss": 2000000,
        "othercomprehensiveincomelossforeigncurrencytransactionandtranslationadjustmentnetoftax": -65000000,
        "othercomprehensiveincomelossreclassificationadjustmentfromaocipensionandotherpostretirementbenefitplansnetoftax": -5000000,
        "othercomprehensiveincomelossnetoftax": -5000000,
        "comprehensiveincomenetoftaxincludingportionattributabletononcontrollinginterest": -45000000,
        "comprehensiveincomenetoftaxattributabletononcontrollinginterest": -3000000,
        "comprehensiveincomenetoftax": -42000000,
        "othercomprehensiveincomeforeigncurrencytranslationgainlossarisingduringperiodtax": -11000000,
        "othercomprehensiveincomelosspensionandotherpostretirementbenefitplanstax": 2000000,
        "revenues": -32000000,
        "costofgoodsandservicessold": 1898000000,
        "operatingcostsandexpenses": 1360000000,
        "sellinggeneralandadministrativeexpense": 525000000,
        "costsandexpenses": 3783000000,
        "operatingincomeloss": -77000000,
        "othernonoperatingincomeexpense": 18000000,
        "foreigncurrencytransactiongainlossbeforetax": 8000000,
        "interestexpense": 72000000,
        "incomelossfromcontinuingoperationsbeforeincometaxesminorityinterestandincomelossfromequitymethodinvestments": 35000000,
        "incometaxexpensebenefit": 10000000,
        "netincomelossattributabletononcontrollinginterestandredeemablenoncontrollinginterest": 2000000,
        "netincomeloss": 23000000,
        "netincomelossavailabletocommonstockholdersbasic": 21000000,
        "earningspersharebasic": 0.23,
        "earningspersharediluted": 0.2,
        "weightedaveragenumberofsharesoutstandingbasic": 92000000,
        "weightedaveragenumberofdilutedsharesoutstanding": 103000000
    },
    {
        "date": "2019-12-30",
        "symbol": "XPO",
        "period": "Q4",
        "profitloss": 107000000,
        "othercomprehensiveincomelossforeigncurrencytransactionandtranslationadjustmentnetoftax": 91000000,
        "othercomprehensiveincomelossnetoftax": 76000000,
        "comprehensiveincomenetoftaxincludingportionattributabletononcontrollinginterest": 183000000,
        "comprehensiveincomenetoftax": 167000000,
        "revenues": 4136000000,
        "costofgoodsandservicessold": 2031000000,
        "operatingincomeloss": 202000000,
        "othernonoperatingincomeexpense": 13000000,
        "foreigncurrencytransactiongainlossbeforetax": -4000000,
        "interestexpense": 74000000,
        "incomelossfromcontinuingoperationsbeforeincometaxesminorityinterestandincomelossfromequitymethodinvestments": 137000000,
        "incometaxexpensebenefit": 30000000,
        "netincomeloss": 107000000,
        "netincomelossavailabletocommonstockholdersbasic": 97000000,
        "earningspersharebasic": 1.04,
        "earningspersharediluted": 0.9400000000000001,
        "weightedaveragenumberofsharesoutstandingbasic": -1000000,
        "weightedaveragenumberofdilutedsharesoutstanding": -1000000
    },
    {
        "date": "2019-09-29",
        "symbol": "XPO",
        "period": "Q3",
        "profitloss": 318000000,
        "othercomprehensiveincomelossforeigncurrencytransactionandtranslationadjustmentnetoftax": -66000000,
        "othercomprehensiveincomelosscashflowhedgegainlossafterreclassificationandtax": 0,
        "othercomprehensiveincomelossnetoftax": -66000000,
        "comprehensiveincomenetoftaxincludingportionattributabletononcontrollinginterest": 69000000,
        "comprehensiveincomenetoftax": 78000000,
        "revenues": 12580000000,
        "costofgoodsandservicessold": 2068000000,
        "directoperatingcosts": 1401000000,
        "generalandadministrativeexpense": 456000000,
        "operatingexpenses": 3925000000,
        "operatingincomeloss": 707000000,
        "othernonoperatingincomeexpense": 11000000,
        "foreigncurrencytransactiongainlossbeforetax": 5000000,
        "interestexpense": 75000000,
        "incomelossfromcontinuingoperationsbeforeincometaxesminorityinterestandincomelossfromequitymethodinvestments": 170000000,
        "incometaxexpensebenefit": 34000000,
        "netincomelossattributabletononcontrollinginterestandredeemablenoncontrollinginterest": 6000000,
        "netincomeloss": 130000000,
        "netincomelossavailabletocommonstockholdersbasic": 117000000,
        "earningspersharebasic": 1.2500000000000004,
        "earningspersharediluted": 1.1199999999999997,
        "weightedaveragenumberofsharesoutstandingbasic": -3000000,
        "weightedaveragenumberofdilutedsharesoutstanding": -3000000
    },
    {
        "date": "2019-06-29",
        "symbol": "XPO",
        "period": "Q2",
        "profitloss": -32000000,
        "othercomprehensiveincomelossforeigncurrencytransactionandtranslationadjustmentnetoftax": -1000000,
        "othercomprehensiveincomelosscashflowhedgegainlossafterreclassificationandtax": 4000000,
        "othercomprehensiveincomelossnetoftax": -3000000,
        "comprehensiveincomenetoftaxincludingportionattributabletononcontrollinginterest": 148000000,
        "comprehensiveincomenetoftax": 135000000,
        "othercomprehensiveincomeforeigncurrencytranslationgainlossarisingduringperiodtax": 0,
        "revenues": -2727000000,
        "costofgoodsandservicessold": 2108000000,
        "directoperatingcosts": 1417000000,
        "generalandadministrativeexpense": 455000000,
        "operatingexpenses": 3980000000,
        "operatingincomeloss": -216000000,
        "othernonoperatingincomeexpense": 13000000,
        "foreigncurrencytransactiongainlossbeforetax": -8000000,
        "gainslossesonextinguishmentofdebt": 0,
        "interestexpense": 72000000,
        "incomelossfromcontinuingoperationsbeforeincometaxesminorityinterestandincomelossfromequitymethodinvestments": 191000000,
        "incometaxexpensebenefit": 46000000,
        "netincomelossattributabletononcontrollinginterestandredeemablenoncontrollinginterest": 10000000,
        "netincomeloss": 135000000,
        "netincomelossavailabletocommonstockholdersbasic": 122000000,
        "earningspersharebasic": 1.2599999999999998,
        "earningspersharediluted": 1.1400000000000001,
        "weightedaveragenumberofsharesoutstandingbasic": -7000000,
        "weightedaveragenumberofdilutedsharesoutstanding": -7000000
    },
    {
        "date": "2019-03-30",
        "symbol": "XPO",
        "period": "Q1",
        "profitloss": 47000000,
        "othercomprehensiveincomelossforeigncurrencytransactionandtranslationadjustmentnetoftax": -1000000,
        "othercomprehensiveincomelosscashflowhedgegainlossafterreclassificationandtax": -3000000,
        "othercomprehensiveincomelossnetoftax": 1000000,
        "comprehensiveincomenetoftaxincludingportionattributabletononcontrollinginterest": 48000000,
        "comprehensiveincomenetoftax": 48000000,
        "othercomprehensiveincomeforeigncurrencytranslationgainlossarisingduringperiodtax": -6000000,
        "othercomprehensiveincomelosscashflowhedgegainlossafterreclassificationtax": 1000000,
        "revenues": 2659000000,
        "costofgoodsandservicessold": 2096000000,
        "directoperatingcosts": 1406000000,
        "generalandadministrativeexpense": 486000000,
        "operatingexpenses": 3988000000,
        "operatingincomeloss": 128000000,
        "othernonoperatingincomeexpense": 17000000,
        "foreigncurrencytransactiongainlossbeforetax": -2000000,
        "gainslossesonextinguishmentofdebt": -5000000,
        "interestexpense": 71000000,
        "incomelossfromcontinuingoperationsbeforeincometaxesminorityinterestandincomelossfromequitymethodinvestments": 71000000,
        "incometaxexpensebenefit": 19000000,
        "netincomelossattributabletononcontrollinginterestandredeemablenoncontrollinginterest": 5000000,
        "netincomeloss": 47000000,
        "netincomelossavailabletocommonstockholdersbasic": 43000000,
        "earningspersharebasic": 0.4,
        "earningspersharediluted": 0.37,
        "weightedaveragenumberofsharesoutstandingbasic": 107000000,
        "weightedaveragenumberofdilutedsharesoutstanding": 117000000
    },
    {
        "date": "2018-09-29",
        "symbol": "XPO",
        "period": "Q3",
        "profitloss": 115200000,
        "othercomprehensiveincomelossforeigncurrencytransactionandtranslationadjustmentnetoftax": -12200000,
        "othercomprehensiveincomelosscashflowhedgegainlossafterreclassificationandtax": -100000,
        "othercomprehensiveincomelossreclassificationadjustmentfromaocipensionandotherpostretirementbenefitplansnetoftax": -400000,
        "othercomprehensiveincomelossnetoftax": -12700000,
        "comprehensiveincomenetoftaxincludingportionattributabletononcontrollinginterest": 102500000,
        "comprehensiveincomenetoftaxattributabletononcontrollinginterest": 4000000,
        "comprehensiveincomenetoftax": 98500000,
        "othercomprehensiveincomeforeigncurrencytranslationgainlossarisingduringperiodtax": -1000000,
        "othercomprehensiveincomelosscashflowhedgegainlossafterreclassificationtax": 100000,
        "othercomprehensiveincomelosspensionandotherpostretirementbenefitplanstax": 100000,
        "revenues": 2850600000,
        "costofgoodsandservicessold": 2248600000,
        "directoperatingcosts": 1430300000,
        "generalandadministrativeexpense": 447200000,
        "operatingexpenses": 4126100000,
        "operatingincomeloss": 195200000,
        "othernonoperatingincomeexpense": 18300000,
        "foreigncurrencytransactiongainlossbeforetax": -3300000,
        "gainslossesonextinguishmentofdebt": -16800000,
        "interestexpense": 51000000,
        "incomelossfromcontinuingoperationsbeforeincometaxesminorityinterestandincomelossfromequitymethodinvestments": 156200000,
        "incometaxexpensebenefit": 41000000,
        "netincomelossattributabletononcontrollinginterestandredeemablenoncontrollinginterest": 6200000,
        "netincomeloss": 109000000,
        "netincomelossavailabletocommonstockholdersbasic": 100800000,
        "earningspersharebasic": 0.81,
        "earningspersharediluted": 0.74,
        "weightedaveragenumberofsharesoutstandingbasic": 125200000,
        "weightedaveragenumberofdilutedsharesoutstanding": 136600000
    },
    {
        "date": "2018-06-29",
        "symbol": "XPO",
        "period": "Q2",
        "profitloss": 149000000,
        "othercomprehensiveincomelossforeigncurrencytransactionandtranslationadjustmentnetoftax": -113500000,
        "othercomprehensiveincomelossreclassificationadjustmentfromaocipensionandotherpostretirementbenefitplansnetoftax": -300000,
        "othercomprehensiveincomelossnetoftax": -97300000,
        "comprehensiveincomenetoftaxincludingportionattributabletononcontrollinginterest": 36500000,
        "comprehensiveincomenetoftaxattributabletononcontrollinginterest": -15200000,
        "comprehensiveincomenetoftax": 51700000,
        "othercomprehensiveincomeforeigncurrencytranslationgainlossarisingduringperiodtax": 13300000,
        "othercomprehensiveincomelosspensionandotherpostretirementbenefitplanstax": 0,
        "revenues": 2887700000,
        "directoperatingcosts": 1406700000,
        "generalandadministrativeexpense": 454300000,
        "operatingexpenses": 4135500000,
        "operatingincomeloss": 205400000,
        "othernonoperatingincomeexpense": 30200000,
        "foreigncurrencytransactiongainlossbeforetax": 10000000,
        "gainslossesonextinguishmentofdebt": 0,
        "interestexpense": 54900000,
        "incomelossfromcontinuingoperationsbeforeincometaxesminorityinterestandincomelossfromequitymethodinvestments": 213300000,
        "incometaxexpensebenefit": 54200000,
        "netincomelossattributabletononcontrollinginterestandredeemablenoncontrollinginterest": 10100000,
        "netincomeloss": 149000000,
        "netincomelossavailabletocommonstockholdersbasic": 137500000,
        "earningspersharebasic": 1.14,
        "earningspersharediluted": 1.03,
        "weightedaveragenumberofsharesoutstandingbasic": 200000,
        "weightedaveragenumberofdilutedsharesoutstanding": 300000
    },
    {
        "date": "2018-03-30",
        "symbol": "XPO",
        "period": "Q1",
        "profitloss": 72600000,
        "othercomprehensiveincomelossforeigncurrencytransactionandtranslationadjustmentnetoftax": 44900000,
        "othercomprehensiveincomelossderivativesqualifyingashedgesnetoftax": 300000,
        "othercomprehensiveincomelossreclassificationadjustmentfromaocipensionandotherpostretirementbenefitplansnetoftax": -300000,
        "othercomprehensiveincomelossnetoftax": 32800000,
        "comprehensiveincomenetoftaxincludingportionattributabletononcontrollinginterest": 124000000,
        "comprehensiveincomenetoftaxattributabletononcontrollinginterest": 18600000,
        "comprehensiveincomenetoftax": 105400000,
        "othercomprehensiveincomeforeigncurrencytranslationgainlossarisingduringperiodtax": 18300000,
        "othercomprehensiveincomelossderivativesqualifyingashedgestax": -3600000,
        "othercomprehensiveincomelosspensionandotherpostretirementbenefitplanstax": 100000,
        "revenues": 2774100000,
        "shippinghandlingandtransportationcosts": 2224600000,
        "directoperatingcosts": 1375700000,
        "generalandadministrativeexpense": 450200000,
        "operatingexpenses": 4050500000,
        "operatingincomeloss": 139000000,
        "othernonoperatingincomeexpense": 19600000,
        "foreigncurrencytransactiongainlossbeforetax": -12000000,
        "gainslossesonextinguishmentofdebt": -10300000,
        "interestexpense": 59400000,
        "incomelossfromcontinuingoperationsbeforeincometaxesminorityinterestandincomelossfromequitymethodinvestments": 78900000,
        "incometaxexpensebenefit": -200000,
        "netincomelossattributabletononcontrollinginterestandredeemablenoncontrollinginterest": 6500000,
        "netincomeloss": 72600000,
        "netincomelossavailabletocommonstockholdersbasic": 66900000,
        "earningspersharebasic": 0.56,
        "earningspersharediluted": 0.5,
        "weightedaveragenumberofsharesoutstandingbasic": 120200000,
        "weightedaveragenumberofdilutedsharesoutstanding": 133400000
    },
    {
        "date": "2017-09-29",
        "symbol": "XPO",
        "period": "Q3",
        "profitloss": 71000000,
        "othercomprehensiveincomelossforeigncurrencytransactionandtranslationadjustmentnetoftax": 82000000,
        "othercomprehensiveincomelossderivativesqualifyingashedgesnetoftax": -28400000,
        "othercomprehensiveincomelossreclassificationadjustmentfromaocipensionandotherpostretirementbenefitplansnetoftax": -1000000,
        "othercomprehensiveincomelossnetoftax": 52600000,
        "comprehensiveincomenetoftaxincludingportionattributabletononcontrollinginterest": 123600000,
        "comprehensiveincomenetoftaxattributabletononcontrollinginterest": 21100000,
        "comprehensiveincomenetoftax": 102500000,
        "othercomprehensiveincomelossderivativesqualifyingashedgestax": -23300000,
        "othercomprehensiveincomelosspensionandotherpostretirementbenefitplanstax": 1900000,
        "revenues": 2469800000,
        "shippinghandlingandtransportationcosts": 2042700000,
        "directoperatingcosts": 1258700000,
        "generalandadministrativeexpense": 398900000,
        "operatingexpenses": 3700300000,
        "operatingincomeloss": 145200000,
        "othernonoperatingincomeexpense": 6700000,
        "foreigncurrencytransactiongainlossbeforetax": -15000000,
        "gainslossesonextinguishmentofdebt": -8300000,
        "interestexpense": 72500000,
        "incomelossfromcontinuingoperationsbeforeincometaxesminorityinterestandincomelossfromequitymethodinvestments": 101400000,
        "incometaxexpensebenefit": 30400000,
        "netincomelossattributabletononcontrollinginterestandredeemablenoncontrollinginterest": 8500000,
        "netincomeloss": 62500000,
        "netincomelossavailabletocommonstockholdersbasic": 57500000,
        "earningspersharebasic": 0.49,
        "earningspersharediluted": 0.44,
        "weightedaveragenumberofsharesoutstandingbasic": 117500000,
        "weightedaveragenumberofdilutedsharesoutstanding": 129800000
    },
    {
        "date": "2017-06-29",
        "symbol": "XPO",
        "period": "Q2",
        "profitloss": 57200000,
        "othercomprehensiveincomelossforeigncurrencytransactionandtranslationadjustmentnetoftax": 133000000,
        "othercomprehensiveincomelossderivativesqualifyingashedgesnetoftax": -39000000,
        "othercomprehensiveincomelossreclassificationadjustmentfromaocipensionandotherpostretirementbenefitplansnetoftax": -600000,
        "othercomprehensiveincomelossnetoftax": 93400000,
        "comprehensiveincomenetoftaxincludingportionattributabletononcontrollinginterest": 150600000,
        "comprehensiveincomenetoftaxattributabletononcontrollinginterest": 25800000,
        "comprehensiveincomenetoftax": 124800000,
        "othercomprehensiveincomelossderivativesqualifyingashedgestax": 17300000,
        "revenues": 2405200000,
        "shippinghandlingandtransportationcosts": 1969600000,
        "directoperatingcosts": 1194200000,
        "generalandadministrativeexpense": 411500000,
        "operatingexpenses": 3575300000,
        "operatingincomeloss": 160000000,
        "othernonoperatingincomeexpense": 2600000,
        "foreigncurrencytransactiongainlossbeforetax": -28300000,
        "gainslossesonextinguishmentofdebt": -9000000,
        "interestexpense": 74300000,
        "incomelossfromcontinuingoperationsbeforeincometaxesminorityinterestandincomelossfromequitymethodinvestments": 85000000,
        "incometaxexpensebenefit": 27800000,
        "netincomelossattributabletononcontrollinginterestandredeemablenoncontrollinginterest": 5300000,
        "netincomeloss": 51900000,
        "netincomelossavailabletocommonstockholdersbasic": 47600000,
        "earningspersharebasic": 0.43,
        "earningspersharediluted": 0.38,
        "weightedaveragenumberofsharesoutstandingbasic": 111800000,
        "weightedaveragenumberofdilutedsharesoutstanding": 124700000
    },
    {
        "date": "2017-03-30",
        "symbol": "XPO",
        "period": "Q1",
        "profitloss": 24900000,
        "othercomprehensiveincomelossforeigncurrencytransactionandtranslationadjustmentnetoftax": 32600000,
        "othercomprehensiveincomelossderivativesqualifyingashedgesnetoftax": -1500000,
        "othercomprehensiveincomelossreclassificationadjustmentfromaocipensionandotherpostretirementbenefitplansnetoftax": 600000,
        "othercomprehensiveincomelossnetoftax": 31700000,
        "comprehensiveincomenetoftaxincludingportionattributabletononcontrollinginterest": 56600000,
        "comprehensiveincomenetoftaxattributabletononcontrollinginterest": 9100000,
        "comprehensiveincomenetoftax": 47500000,
        "othercomprehensiveincomelossderivativesqualifyingashedgestax": 1500000,
        "revenues": 3539500000,
        "shippinghandlingandtransportationcosts": 1887300000,
        "directoperatingcosts": 1137700000,
        "generalandadministrativeexpense": 400900000,
        "operatingexpenses": 3425900000,
        "operatingincomeloss": 113600000,
        "othernonoperatingincomeexpense": -3300000,
        "foreigncurrencytransactiongainlossbeforetax": -10600000,
        "gainslossesonextinguishmentofdebt": -9000000,
        "interestexpense": 75600000,
        "incomelossfromcontinuingoperationsbeforeincometaxesminorityinterestandincomelossfromequitymethodinvestments": 15100000,
        "incometaxexpensebenefit": -9800000,
        "netincomelossattributabletononcontrollinginterestandredeemablenoncontrollinginterest": 3600000,
        "netincomeloss": 21300000,
        "netincomelossavailabletocommonstockholdersbasic": 19500000,
        "earningspersharebasic": 0.18,
        "earningspersharediluted": 0.16,
        "weightedaveragenumberofsharesoutstandingbasic": 111400000,
        "weightedaveragenumberofdilutedsharesoutstanding": 124400000
    },
    {
        "date": "2016-09-29",
        "symbol": "XPO",
        "period": "Q3",
        "profitloss": 21300000,
        "netincomelossattributabletononcontrollinginterestandredeemablenoncontrollinginterest": 6200000,
        "netincomeloss": 15100000,
        "othercomprehensiveincomelossforeigncurrencytransactionandtranslationadjustmentnetoftax": -8000000,
        "othercomprehensiveincomelossderivativesqualifyingashedgesnetoftax": -12400000,
        "othercomprehensiveincomelosspensionandotherpostretirementbenefitplansadjustmentnetoftax": 5300000,
        "othercomprehensiveincomelossnetoftax": -25700000,
        "othercomprehensiveincomelossnetoftaxportionattributabletononcontrollinginterest": -1100000,
        "othercomprehensiveincomelossnetoftaxportionattributabletoparent": -24600000,
        "comprehensiveincomenetoftaxincludingportionattributabletononcontrollinginterest": -4400000,
        "comprehensiveincomenetoftaxattributabletononcontrollinginterest": 5100000,
        "comprehensiveincomenetoftax": -9500000,
        "othercomprehensiveincomelossderivativesqualifyingashedgestax": -9200000,
        "othercomprehensiveincomelosspensionandotherpostretirementbenefitplanstax": 1100000,
        "revenues": 2409100000,
        "shippinghandlingandtransportationcosts": 2008400000,
        "directoperatingcosts": 1153400000,
        "generalandadministrativeexpense": 383200000,
        "operatingexpenses": 3545000000,
        "operatingincomeloss": 125400000,
        "othernonoperatingincomeexpense": 2700000,
        "foreigncurrencytransactiongainlossbeforetax": -1300000,
        "gainslossesonextinguishmentofdebt": -53200000,
        "interestexpense": 93000000,
        "incomelossfromcontinuingoperationsbeforeincometaxesminorityinterestandincomelossfromequitymethodinvestments": 24000000,
        "incometaxexpensebenefit": 2700000,
        "netincomelossavailabletocommonstockholdersbasic": 13800000,
        "earningspersharebasic": 0.13,
        "earningspersharediluted": 0.11,
        "weightedaveragenumberofsharesoutstandingbasic": 110300000,
        "weightedaveragenumberofdilutedsharesoutstanding": 122900000
    },
    {
        "date": "2016-06-29",
        "symbol": "XPO",
        "period": "Q2",
        "profitloss": 50400000,
        "netincomelossattributabletononcontrollinginterestandredeemablenoncontrollinginterest": 3800000,
        "netincomeloss": 46600000,
        "othercomprehensiveincomelossforeigncurrencytransactionandtranslationadjustmentnetoftax": -85600000,
        "othercomprehensiveincomelossderivativesqualifyingashedgesnetoftax": 21800000,
        "othercomprehensiveincomelossnetoftax": -63800000,
        "othercomprehensiveincomelossnetoftaxportionattributabletononcontrollinginterest": -10600000,
        "othercomprehensiveincomelossnetoftaxportionattributabletoparent": -53200000,
        "comprehensiveincomenetoftaxincludingportionattributabletononcontrollinginterest": -13400000,
        "comprehensiveincomenetoftaxattributabletononcontrollinginterest": -6800000,
        "comprehensiveincomenetoftax": -6600000,
        "othercomprehensiveincomelossderivativesqualifyingashedgestax": 7500000,
        "revenues": 2418900000,
        "shippinghandlingandtransportationcosts": 1973300000,
        "directoperatingcosts": 1130200000,
        "generalandadministrativeexpense": 409500000,
        "operatingexpenses": 3513000000,
        "operatingincomeloss": 153200000,
        "othernonoperatingincomeexpense": 7900000,
        "foreigncurrencytransactiongainlossbeforetax": -100000,
        "interestexpense": 94700000,
        "incomelossfromcontinuingoperationsbeforeincometaxesminorityinterestandincomelossfromequitymethodinvestments": 83400000,
        "incometaxexpensebenefit": 33000000,
        "netincomelossavailabletocommonstockholdersbasic": 42600000,
        "earningspersharebasic": 0.39,
        "earningspersharediluted": 0.35,
        "weightedaveragenumberofsharesoutstandingbasic": 110000000,
        "weightedaveragenumberofdilutedsharesoutstanding": 122300000
    },
    {
        "date": "2016-03-30",
        "symbol": "XPO",
        "period": "Q1",
        "profitloss": -22500000,
        "netincomelossattributabletononcontrollinginterestandredeemablenoncontrollinginterest": 3200000,
        "netincomeloss": -22500000,
        "othercomprehensiveincomelossforeigncurrencytransactionandtranslationadjustmentnetoftax": 52100000,
        "othercomprehensiveincomelossderivativesqualifyingashedgesnetoftax": -18400000,
        "othercomprehensiveincomelossnetoftax": 8700000,
        "othercomprehensiveincomelossnetoftaxportionattributabletononcontrollinginterest": 8700000,
        "othercomprehensiveincomelossnetoftaxportionattributabletoparent": 25000000,
        "comprehensiveincomenetoftaxincludingportionattributabletononcontrollinginterest": 14400000,
        "comprehensiveincomenetoftaxattributabletononcontrollinginterest": 11900000,
        "comprehensiveincomenetoftax": 2500000,
        "othercomprehensiveincomelossderivativesqualifyingashedgestax": -14700000,
        "revenues": 2297400000,
        "shippinghandlingandtransportationcosts": 1945100000,
        "directoperatingcosts": 1106200000,
        "generalandadministrativeexpense": 432000000,
        "operatingexpenses": 3483300000,
        "operatingincomeloss": 75400000,
        "othernonoperatingincomeexpense": -1200000,
        "foreigncurrencytransactiongainlossbeforetax": -3100000,
        "interestexpense": 93100000,
        "incomelossfromcontinuingoperationsbeforeincometaxesminorityinterestandincomelossfromequitymethodinvestments": -35000000,
        "incometaxexpensebenefit": -15700000,
        "preferredstockdividendsincomestatementimpact": 700000,
        "netincomelossavailabletocommonstockholdersbasic": -23200000,
        "earningspersharebasic": -0.21,
        "earningspersharediluted": -0.21,
        "weightedaveragenumberofsharesoutstandingbasic": 109628094,
        "weightedaveragenumberofdilutedsharesoutstanding": 109600000
    },
    {
        "date": "2015-09-29",
        "symbol": "XPO",
        "period": "Q3",
        "profitloss": -35400000,
        "netincomelossattributabletononcontrollinginterestandredeemablenoncontrollinginterest": 5000000,
        "netincomeloss": -40400000,
        "othercomprehensiveincomelossforeigncurrencytransactionandtranslationadjustmentnetoftax": -6300000,
        "othercomprehensiveincomelossderivativesqualifyingashedgesnetoftax": 16200000,
        "othercomprehensiveincomelosspensionandotherpostretirementbenefitplansadjustmentnetoftax": -9900000,
        "othercomprehensiveincomelossnetoftax": 19800000,
        "othercomprehensiveincomelossnetoftaxportionattributabletononcontrollinginterest": -1800000,
        "othercomprehensiveincomelossnetoftaxportionattributabletoparent": 21600000,
        "comprehensiveincomenetoftaxincludingportionattributabletononcontrollinginterest": -15600000,
        "comprehensiveincomenetoftaxattributabletononcontrollinginterest": 3200000,
        "comprehensiveincomenetoftax": -18800000,
        "othercomprehensiveincomelossderivativesqualifyingashedgestax": -100000,
        "othercomprehensiveincomelosspensionandotherpostretirementbenefitplanstax": -2500000,
        "revenues": 1396800000,
        "shippinghandlingandtransportationcosts": 1237300000,
        "directoperatingcosts": 798100000,
        "generalandadministrativeexpense": 282600000,
        "operatingexpenses": 2318000000,
        "operatingincomeloss": 30900000,
        "othernonoperatingincomeexpense": -1600000,
        "foreigncurrencytransactiongainlossbeforetax": -14500000,
        "interestexpense": 61500000,
        "incomelossfromcontinuingoperationsbeforeincometaxesminorityinterestandincomelossfromequitymethodinvestments": -33500000,
        "incometaxexpensebenefit": 1900000,
        "otherpreferredstockdividendsandadjustments": 52000000,
        "preferredstockdividendsincomestatementimpact": 700000,
        "netincomelossavailabletocommonstockholdersbasic": -93100000,
        "earningspersharebasic": -0.94,
        "earningspersharediluted": -0.94,
        "weightedaveragenumberofsharesoutstandingbasic": 98568971,
        "weightedaveragenumberofdilutedsharesoutstanding": 98600000
    },
    {
        "date": "2015-06-29",
        "symbol": "XPO",
        "period": "Q2",
        "profitloss": -78800000,
        "netincomelossattributabletononcontrollinginterestandredeemablenoncontrollinginterest": -4400000,
        "netincomeloss": -74400000,
        "othercomprehensiveincomelossforeigncurrencytransactionandtranslationadjustmentnetoftax": 5700000,
        "othercomprehensiveincomelossderivativesqualifyingashedgesnetoftax": -32000000,
        "othercomprehensiveincomelosspensionandotherpostretirementbenefitplansadjustmentnetoftax": -11500000,
        "othercomprehensiveincomelossnetoftax": -14800000,
        "othercomprehensiveincomelossnetoftaxportionattributabletononcontrollinginterest": 5200000,
        "othercomprehensiveincomelossnetoftaxportionattributabletoparent": -20000000,
        "comprehensiveincomenetoftaxincludingportionattributabletononcontrollinginterest": -93600000,
        "comprehensiveincomenetoftaxattributabletononcontrollinginterest": 800000,
        "comprehensiveincomenetoftax": -94400000,
        "othercomprehensiveincomelosspensionandotherpostretirementbenefitplanstax": -2900000,
        "revenues": 861200000,
        "shippinghandlingandtransportationcosts": 707300000,
        "directoperatingcosts": 318300000,
        "generalandadministrativeexpense": 220400000,
        "operatingexpenses": 1246000000,
        "operatingincomeloss": 23000000,
        "othernonoperatingincomeexpense": -21900000,
        "interestexpense": 36300000,
        "incomelossfromcontinuingoperationsbeforeincometaxesminorityinterestandincomelossfromequitymethodinvestments": -88300000,
        "incometaxexpensebenefit": -9500000,
        "preferredstockdividendsincomestatementimpact": 700000,
        "netincomelossavailabletocommonstockholdersbasic": -75100000,
        "earningspersharebasic": -0.89,
        "earningspersharediluted": -0.89,
        "weightedaveragenumberofsharesoutstandingbasic": 84335406,
        "weightedaveragenumberofdilutedsharesoutstanding": 84300000
    },
    {
        "date": "2015-03-30",
        "symbol": "XPO",
        "period": "Q1",
        "revenues": 703000000,
        "shippinghandlingandtransportationcosts": 440800000,
        "directoperatingcosts": 151200000,
        "generalandadministrativeexpense": 115800000,
        "operatingexpenses": 707800000,
        "operatingincomeloss": -4800000,
        "othernonoperatingincomeexpense": -400000,
        "interestexpense": 23100000,
        "incomelossfromcontinuingoperationsbeforeincometaxesminorityinterestandincomelossfromequitymethodinvestments": -28300000,
        "incometaxexpensebenefit": -13600000,
        "netincomeloss": -14700000,
        "preferredstockdividendsincomestatementimpact": 700000,
        "netincomelossavailabletocommonstockholdersbasic": -15400000,
        "earningspersharebasic": -0.2,
        "earningspersharediluted": -0.2,
        "weightedaveragenumberofsharesoutstandingbasic": 78825639,
        "weightedaveragenumberofdilutedsharesoutstanding": 78800000
    },
    {
        "date": "2014-09-29",
        "symbol": "XPO",
        "period": "Q3",
        "revenues": 50120000,
        "shippinghandlingandtransportationcosts": 487365000,
        "directoperatingcosts": 71026000,
        "generalandadministrativeexpense": 117717000,
        "operatingexpenses": 676108000,
        "operatingincomeloss": -20000,
        "othernonoperatingincomeexpense": -296000,
        "interestexpense": 1000,
        "incomelossfromcontinuingoperationsbeforeincometaxesminorityinterestandincomelossfromequitymethodinvestments": -31776000,
        "incometaxexpensebenefit": 64000,
        "netincomeloss": -11699000,
        "preferredstockdividendsincomestatementimpact": 733000,
        "netincomelossavailabletocommonstockholdersbasic": -12432000,
        "earningspersharebasic": -0.23,
        "earningspersharediluted": -0.23,
        "weightedaveragenumberofsharesoutstandingbasic": 54469943,
        "weightedaveragenumberofdilutedsharesoutstanding": 54470000
    },
    {
        "date": "2014-06-29",
        "symbol": "XPO",
        "period": "Q2",
        "revenues": -2790000,
        "shippinghandlingandtransportationcosts": 459139000,
        "directoperatingcosts": 27212000,
        "generalandadministrativeexpense": 106553000,
        "operatingexpenses": 592904000,
        "operatingincomeloss": -15060000,
        "othernonoperatingincomeexpense": -235000,
        "interestexpense": 3391000,
        "incomelossfromcontinuingoperationsbeforeincometaxesminorityinterestandincomelossfromequitymethodinvestments": -15533000,
        "incometaxexpensebenefit": -1820000,
        "netincomeloss": -13762000,
        "preferredstockdividendsincomestatementimpact": 733000,
        "netincomelossavailabletocommonstockholdersbasic": -14495000,
        "earningspersharebasic": -0.28,
        "earningspersharediluted": -0.28,
        "weightedaveragenumberofsharesoutstandingbasic": 52564636,
        "weightedaveragenumberofdilutedsharesoutstanding": 52565000
    },
    {
        "date": "2014-03-30",
        "symbol": "XPO",
        "period": "Q1",
        "revenues": -2602000,
        "shippinghandlingandtransportationcosts": 224006000,
        "directoperatingcosts": 3880000,
        "generalandadministrativeexpense": 75878000,
        "operatingexpenses": 303764000,
        "operatingincomeloss": -21664000,
        "othernonoperatingincomeexpense": -15000,
        "interestexpense": 10044000,
        "incomelossfromcontinuingoperationsbeforeincometaxesminorityinterestandincomelossfromequitymethodinvestments": -31434000,
        "incometaxexpensebenefit": -3906000,
        "netincomeloss": -28135000,
        "preferredstockdividendsincomestatementimpact": 742000,
        "netincomelossavailabletocommonstockholdersbasic": -28877000,
        "earningspersharebasic": -0.7,
        "earningspersharediluted": -0.7,
        "weightedaveragenumberofsharesoutstandingbasic": 41312894,
        "weightedaveragenumberofdilutedsharesoutstanding": 41313000
    },
    {
        "date": "2013-09-29",
        "symbol": "XPO",
        "period": "Q3",
        "revenues": -2864000,
        "directoperatingcosts": 159147000,
        "grossprofit": 34835000,
        "generalandadministrativeexpense": 53254000,
        "operatingincomeloss": -14155000,
        "othernonoperatingincomeexpense": -235000,
        "interestexpense": 6411000,
        "incomelossfromcontinuingoperationsbeforeincometaxesminorityinterestandincomelossfromequitymethodinvestments": -25069000,
        "incometaxexpensebenefit": -19347000,
        "netincomeloss": -6025000,
        "preferredstockdividendsincomestatementimpact": 743000,
        "netincomelossavailabletocommonstockholdersbasic": -6768000,
        "earningspersharebasic": -0.28,
        "earningspersharediluted": -0.28,
        "weightedaveragenumberofsharesoutstandingbasic": 24221987,
        "weightedaveragenumberofdilutedsharesoutstanding": 24222000
    },
    {
        "date": "2013-06-29",
        "symbol": "XPO",
        "period": "Q2",
        "revenues": -4052000,
        "directoperatingcosts": 117751000,
        "grossprofit": 19340000,
        "generalandadministrativeexpense": 33355000,
        "operatingincomeloss": -10690000,
        "othernonoperatingincome": -167000,
        "interestexpense": 3101000,
        "incomelossfromcontinuingoperationsbeforeincometaxesminorityinterestandincomelossfromequitymethodinvestments": -17288000,
        "incometaxexpensebenefit": 72000,
        "netincomeloss": -17362000,
        "preferredstockdividendsincomestatementimpact": 743000,
        "netincomelossavailabletocommonstockholdersbasic": -18105000,
        "earningspersharebasic": -1,
        "earningspersharediluted": -1,
        "weightedaveragenumberofsharesoutstandingbasic": 18180000,
        "weightedaveragenumberofdilutedsharesoutstanding": 18180000
    },
    {
        "date": "2013-03-30",
        "symbol": "XPO",
        "period": "Q1",
        "revenues": 78230000,
        "directoperatingcosts": 97739000,
        "grossprofit": 16260000,
        "generalandadministrativeexpense": 27627000,
        "operatingincomeloss": -3820000,
        "othernonoperatingincome": 109000,
        "interestexpense": 3064000,
        "incomelossfromcontinuingoperationsbeforeincometaxesminorityinterestandincomelossfromequitymethodinvestments": -14322000,
        "incometaxexpensebenefit": 41000,
        "netincomeloss": -14544000,
        "preferredstockdividendsincomestatementimpact": 743000,
        "netincomelossavailabletocommonstockholdersbasic": -15287000,
        "earningspersharebasic": -0.85,
        "earningspersharediluted": -0.85,
        "weightedaveragenumberofsharesoutstandingbasic": 18031926,
        "weightedaveragenumberofdilutedsharesoutstanding": 18031926
    },
    {
        "date": "2012-09-29",
        "symbol": "XPO",
        "period": "Q3",
        "revenues": -2240000,
        "operatingincomeloss": -8243000,
        "otherexpenses": 314000,
        "interestexpense": 12000,
        "incomelossfromcontinuingoperationsbeforeincometaxesminorityinterestandincomelossfromequitymethodinvestments": -9609000,
        "incometaxexpensebenefit": -6045000,
        "netincomeloss": -3149000,
        "preferredstockamountofpreferreddividendsinarrears": -750000,
        "netincomelossavailabletocommonstockholdersbasic": -3899000,
        "earningspersharebasic": -0.22,
        "earningspersharediluted": -0.22,
        "weightedaveragenumberofsharesoutstandingbasic": 17663403,
        "weightedaveragenumberofdilutedsharesoutstanding": 17663000,
        "directoperatingcosts": 61064000,
        "grossprofit": 9924000,
        "generalandadministrativeexpense": 19204000
    },
    {
        "date": "2012-03-30",
        "symbol": "XPO",
        "period": "Q1",
        "revenues": 44560000,
        "directoperatingcosts": 37787000,
        "grossprofit": 6773000,
        "generalandadministrativeexpense": 10997000,
        "operatingincomeloss": -4224000,
        "otherexpenses": -21000,
        "interestexpense": 12000,
        "incomelossfromcontinuingoperationsbeforeincometaxesminorityinterestandincomelossfromequitymethodinvestments": -4215000,
        "incometaxexpensebenefit": -1521000,
        "netincomeloss": -2694000,
        "debtinstrumentconvertiblebeneficialconversionfeature": -750000,
        "netincomelossavailabletocommonstockholdersbasic": -3444000,
        "earningspersharebasic": -0.36,
        "earningspersharediluted": -0.36,
        "weightedaveragenumberofsharesoutstandingbasic": 9501000,
        "weightedaveragenumberofdilutedsharesoutstanding": 9501000
    },
    {
        "date": "2011-06-29",
        "symbol": "XPO",
        "period": "Q2",
        "revenues": 44094000,
        "directoperatingcosts": 36914000,
        "grossprofit": 7180000,
        "generalandadministrativeexpense": 5537000,
        "operatingincomeloss": 1643000,
        "otherexpenses": 33000,
        "interestexpense": 47000,
        "incomelossfromcontinuingoperationsbeforeincometaxesminorityinterestandincomelossfromequitymethodinvestments": 1563000,
        "incometaxexpensebenefit": 649000,
        "netincomeloss": 914000,
        "earningspersharebasic": 0.03,
        "earningspersharediluted": 0.03,
        "weightedaveragenumberofsharesoutstandingbasic": 33010881,
        "weightedaveragenumberofdilutedsharesoutstanding": 34333656
    }
]